[
  {
    "inst_id":"BTC-USDT-SWAP",
    "side":"buy",
    "size":"0.31",
    "price":"62940.9",
    "source":"0",
    "tradeId":"2775128404",
    "timestamp":"1783592481470"
  },
  {
    "inst_id":"BTC-USDT-SWAP",
    "side":"buy",
    "size":"0.01",
    "price":"62940.9",
    "source":"0",
    "tradeId":"2775128403",
    "timestamp":"1783592481340"
  },
  {
    "inst_id":"BTC-USDT-SWAP",
    "side":"buy",
    "size":"5.83",
    "price":"62940.9",
    "source":"0",
    "tradeId":"2775128402",
    "timestamp":"1783592481198"
  },
  {
    "inst_id":"BTC-USDT-SWAP",
    "side":"buy",
    "size":"4.17",
    "price":"62940.9",
    "source":"0",
    "tradeId":"2775128401",
    "timestamp":"1783592481198"
  },
  {
    "inst_id":"BTC-USDT-SWAP",
    "side":"buy",
    "size":"0.39",
    "price":"62940.9",
    "source":"0",
    "tradeId":"2775128400",
    "timestamp":"1783592481146"
  },
  {
    "inst_id":"BTC-USDT-SWAP",
    "side":"sell",
    "size":"2.3",
    "price":"62940.8",
    "source":"0",
    "tradeId":"2775128399",
    "timestamp":"1783592480136"
  },
  {
    "inst_id":"BTC-USDT-SWAP",
    "side":"buy",
    "size":"1.58",
    "price":"62940.9",
    "source":"0",
    "tradeId":"2775128398",
    "timestamp":"1783592479565"
  },
  {
    "inst_id":"BTC-USDT-SWAP",
    "side":"sell",
    "size":"0.17",
    "price":"62940.8",
    "source":"0",
    "tradeId":"2775128397",
    "timestamp":"1783592479530"
  },
  {
    "inst_id":"BTC-USDT-SWAP",
    "side":"buy",
    "size":"0.38",
    "price":"62940.9",
    "source":"0",
    "tradeId":"2775128396",
    "timestamp":"1783592479444"
  },
  {
    "inst_id":"BTC-USDT-SWAP",
    "side":"sell",
    "size":"0.99",
    "price":"62940.8",
    "source":"0",
    "tradeId":"2775128395",
    "timestamp":"1783592479412"
  },
  {
    "inst_id":"BTC-USDT-SWAP",
    "side":"sell",
    "size":"0.2",
    "price":"62940.8",
    "source":"0",
    "tradeId":"2775128394",
    "timestamp":"1783592478968"
  },
  {
    "inst_id":"BTC-USDT-SWAP",
    "side":"sell",
    "size":"2.72",
    "price":"62940.8",
    "source":"0",
    "tradeId":"2775128393",
    "timestamp":"1783592478891"
  },
  {
    "inst_id":"BTC-USDT-SWAP",
    "side":"sell",
    "size":"0.02",
    "price":"62940.8",
    "source":"0",
    "tradeId":"2775128392",
    "timestamp":"1783592478891"
  },
  {
    "inst_id":"BTC-USDT-SWAP",
    "side":"sell",
    "size":"0.01",
    "price":"62940.8",
    "source":"0",
    "tradeId":"2775128391",
    "timestamp":"1783592478891"
  },
  {
    "inst_id":"BTC-USDT-SWAP",
    "side":"sell",
    "size":"2.7",
    "price":"62940.8",
    "source":"0",
    "tradeId":"2775128390",
    "timestamp":"1783592478891"
  },
  {
    "inst_id":"BTC-USDT-SWAP",
    "side":"sell",
    "size":"0.01",
    "price":"62940.8",
    "source":"0",
    "tradeId":"2775128389",
    "timestamp":"1783592478891"
  },
  {
    "inst_id":"BTC-USDT-SWAP",
    "side":"sell",
    "size":"0.01",
    "price":"62940.9",
    "source":"0",
    "tradeId":"2775128388",
    "timestamp":"1783592478888"
  },
  {
    "inst_id":"BTC-USDT-SWAP",
    "side":"sell",
    "size":"0.01",
    "price":"62940.9",
    "source":"0",
    "tradeId":"2775128387",
    "timestamp":"1783592478888"
  },
  {
    "inst_id":"BTC-USDT-SWAP",
    "side":"sell",
    "size":"0.01",
    "price":"62940.9",
    "source":"0",
    "tradeId":"2775128386",
    "timestamp":"1783592478888"
  },
  {
    "inst_id":"BTC-USDT-SWAP",
    "side":"sell",
    "size":"0.01",
    "price":"62941.1",
    "source":"0",
    "tradeId":"2775128385",
    "timestamp":"1783592478885"
  },
  {
    "inst_id":"BTC-USDT-SWAP",
    "side":"sell",
    "size":"0.01",
    "price":"62941.2",
    "source":"0",
    "tradeId":"2775128384",
    "timestamp":"1783592478885"
  },
  {
    "inst_id":"BTC-USDT-SWAP",
    "side":"sell",
    "size":"0.01",
    "price":"62941.3",
    "source":"0",
    "tradeId":"2775128383",
    "timestamp":"1783592478885"
  },
  {
    "inst_id":"BTC-USDT-SWAP",
    "side":"sell",
    "size":"0.01",
    "price":"62941.8",
    "source":"0",
    "tradeId":"2775128382",
    "timestamp":"1783592478885"
  },
  {
    "inst_id":"BTC-USDT-SWAP",
    "side":"sell",
    "size":"0.01",
    "price":"62942",
    "source":"0",
    "tradeId":"2775128381",
    "timestamp":"1783592478885"
  },
  {
    "inst_id":"BTC-USDT-SWAP",
    "side":"sell",
    "size":"0.01",
    "price":"62942.3",
    "source":"0",
    "tradeId":"2775128380",
    "timestamp":"1783592478885"
  },
  {
    "inst_id":"BTC-USDT-SWAP",
    "side":"sell",
    "size":"0.01",
    "price":"62942.4",
    "source":"0",
    "tradeId":"2775128379",
    "timestamp":"1783592478885"
  },
  {
    "inst_id":"BTC-USDT-SWAP",
    "side":"sell",
    "size":"0.01",
    "price":"62943.2",
    "source":"0",
    "tradeId":"2775128378",
    "timestamp":"1783592478885"
  },
  {
    "inst_id":"BTC-USDT-SWAP",
    "side":"sell",
    "size":"0.01",
    "price":"62943.3",
    "source":"0",
    "tradeId":"2775128377",
    "timestamp":"1783592478883"
  },
  {
    "inst_id":"BTC-USDT-SWAP",
    "side":"sell",
    "size":"0.01",
    "price":"62943.4",
    "source":"0",
    "tradeId":"2775128376",
    "timestamp":"1783592478882"
  },
  {
    "inst_id":"BTC-USDT-SWAP",
    "side":"sell",
    "size":"0.01",
    "price":"62943.5",
    "source":"0",
    "tradeId":"2775128375",
    "timestamp":"1783592478880"
  },
  {
    "inst_id":"BTC-USDT-SWAP",
    "side":"sell",
    "size":"0.01",
    "price":"62943.5",
    "source":"0",
    "tradeId":"2775128374",
    "timestamp":"1783592478880"
  },
  {
    "inst_id":"BTC-USDT-SWAP",
    "side":"sell",
    "size":"0.79",
    "price":"62943.6",
    "source":"0",
    "tradeId":"2775128373",
    "timestamp":"1783592478880"
  },
  {
    "inst_id":"BTC-USDT-SWAP",
    "side":"sell",
    "size":"0.01",
    "price":"62943.7",
    "source":"0",
    "tradeId":"2775128372",
    "timestamp":"1783592478880"
  },
  {
    "inst_id":"BTC-USDT-SWAP",
    "side":"sell",
    "size":"0.01",
    "price":"62944.9",
    "source":"0",
    "tradeId":"2775128371",
    "timestamp":"1783592478880"
  },
  {
    "inst_id":"BTC-USDT-SWAP",
    "side":"sell",
    "size":"0.2",
    "price":"62945",
    "source":"0",
    "tradeId":"2775128370",
    "timestamp":"1783592478880"
  },
  {
    "inst_id":"BTC-USDT-SWAP",
    "side":"sell",
    "size":"0.02",
    "price":"62945",
    "source":"0",
    "tradeId":"2775128369",
    "timestamp":"1783592478880"
  },
  {
    "inst_id":"BTC-USDT-SWAP",
    "side":"sell",
    "size":"0.02",
    "price":"62945",
    "source":"0",
    "tradeId":"2775128368",
    "timestamp":"1783592478880"
  },
  {
    "inst_id":"BTC-USDT-SWAP",
    "side":"sell",
    "size":"0.01",
    "price":"62945",
    "source":"0",
    "tradeId":"2775128367",
    "timestamp":"1783592478880"
  },
  {
    "inst_id":"BTC-USDT-SWAP",
    "side":"sell",
    "size":"0.01",
    "price":"62945",
    "source":"0",
    "tradeId":"2775128366",
    "timestamp":"1783592478880"
  },
  {
    "inst_id":"BTC-USDT-SWAP",
    "side":"sell",
    "size":"0.01",
    "price":"62945",
    "source":"0",
    "tradeId":"2775128365",
    "timestamp":"1783592478880"
  },
  {
    "inst_id":"BTC-USDT-SWAP",
    "side":"sell",
    "size":"0.01",
    "price":"62945",
    "source":"0",
    "tradeId":"2775128364",
    "timestamp":"1783592478880"
  },
  {
    "inst_id":"BTC-USDT-SWAP",
    "side":"sell",
    "size":"0.7",
    "price":"62945",
    "source":"0",
    "tradeId":"2775128363",
    "timestamp":"1783592477409"
  },
  {
    "inst_id":"BTC-USDT-SWAP",
    "side":"buy",
    "size":"11.96",
    "price":"62945.1",
    "source":"0",
    "tradeId":"2775128362",
    "timestamp":"1783592476821"
  },
  {
    "inst_id":"BTC-USDT-SWAP",
    "side":"buy",
    "size":"0.01",
    "price":"62945.1",
    "source":"0",
    "tradeId":"2775128361",
    "timestamp":"1783592476821"
  },
  {
    "inst_id":"BTC-USDT-SWAP",
    "side":"buy",
    "size":"4.15",
    "price":"62945.1",
    "source":"0",
    "tradeId":"2775128360",
    "timestamp":"1783592476821"
  },
  {
    "inst_id":"BTC-USDT-SWAP",
    "side":"buy",
    "size":"0.01",
    "price":"62945.1",
    "source":"0",
    "tradeId":"2775128359",
    "timestamp":"1783592476821"
  },
  {
    "inst_id":"BTC-USDT-SWAP",
    "side":"buy",
    "size":"0.01",
    "price":"62945.1",
    "source":"0",
    "tradeId":"2775128358",
    "timestamp":"1783592476821"
  },
  {
    "inst_id":"BTC-USDT-SWAP",
    "side":"buy",
    "size":"1.12",
    "price":"62945.1",
    "source":"0",
    "tradeId":"2775128357",
    "timestamp":"1783592476683"
  },
  {
    "inst_id":"BTC-USDT-SWAP",
    "side":"buy",
    "size":"0.15",
    "price":"62945.1",
    "source":"0",
    "tradeId":"2775128356",
    "timestamp":"1783592476683"
  },
  {
    "inst_id":"BTC-USDT-SWAP",
    "side":"buy",
    "size":"0.01",
    "price":"62945.1",
    "source":"0",
    "tradeId":"2775128355",
    "timestamp":"1783592476683"
  },
  {
    "inst_id":"BTC-USDT-SWAP",
    "side":"buy",
    "size":"0.01",
    "price":"62945.1",
    "source":"0",
    "tradeId":"2775128354",
    "timestamp":"1783592476683"
  },
  {
    "inst_id":"BTC-USDT-SWAP",
    "side":"sell",
    "size":"3.55",
    "price":"62945",
    "source":"0",
    "tradeId":"2775128353",
    "timestamp":"1783592475377"
  },
  {
    "inst_id":"BTC-USDT-SWAP",
    "side":"buy",
    "size":"10.16",
    "price":"62945.1",
    "source":"0",
    "tradeId":"2775128352",
    "timestamp":"1783592475124"
  },
  {
    "inst_id":"BTC-USDT-SWAP",
    "side":"sell",
    "size":"0.2",
    "price":"62945",
    "source":"0",
    "tradeId":"2775128351",
    "timestamp":"1783592475025"
  },
  {
    "inst_id":"BTC-USDT-SWAP",
    "side":"sell",
    "size":"0.01",
    "price":"62945",
    "source":"0",
    "tradeId":"2775128350",
    "timestamp":"1783592475025"
  },
  {
    "inst_id":"BTC-USDT-SWAP",
    "side":"buy",
    "size":"0.01",
    "price":"62945",
    "source":"0",
    "tradeId":"2775128349",
    "timestamp":"1783592474485"
  },
  {
    "inst_id":"BTC-USDT-SWAP",
    "side":"buy",
    "size":"0.01",
    "price":"62945",
    "source":"0",
    "tradeId":"2775128348",
    "timestamp":"1783592474485"
  },
  {
    "inst_id":"BTC-USDT-SWAP",
    "side":"buy",
    "size":"0.01",
    "price":"62945",
    "source":"0",
    "tradeId":"2775128347",
    "timestamp":"1783592474485"
  },
  {
    "inst_id":"BTC-USDT-SWAP",
    "side":"buy",
    "size":"0.01",
    "price":"62944.8",
    "source":"0",
    "tradeId":"2775128346",
    "timestamp":"1783592474485"
  },
  {
    "inst_id":"BTC-USDT-SWAP",
    "side":"buy",
    "size":"0.01",
    "price":"62944.3",
    "source":"0",
    "tradeId":"2775128345",
    "timestamp":"1783592474485"
  },
  {
    "inst_id":"BTC-USDT-SWAP",
    "side":"buy",
    "size":"0.01",
    "price":"62943.5",
    "source":"0",
    "tradeId":"2775128344",
    "timestamp":"1783592474485"
  },
  {
    "inst_id":"BTC-USDT-SWAP",
    "side":"buy",
    "size":"0.22",
    "price":"62943.5",
    "source":"0",
    "tradeId":"2775128343",
    "timestamp":"1783592474485"
  },
  {
    "inst_id":"BTC-USDT-SWAP",
    "side":"buy",
    "size":"0.01",
    "price":"62943.4",
    "source":"0",
    "tradeId":"2775128342",
    "timestamp":"1783592474485"
  },
  {
    "inst_id":"BTC-USDT-SWAP",
    "side":"buy",
    "size":"0.01",
    "price":"62943.4",
    "source":"0",
    "tradeId":"2775128341",
    "timestamp":"1783592474485"
  },
  {
    "inst_id":"BTC-USDT-SWAP",
    "side":"buy",
    "size":"2.67",
    "price":"62943.4",
    "source":"0",
    "tradeId":"2775128340",
    "timestamp":"1783592474422"
  },
  {
    "inst_id":"BTC-USDT-SWAP",
    "side":"buy",
    "size":"1.56",
    "price":"62943.4",
    "source":"0",
    "tradeId":"2775128339",
    "timestamp":"1783592474422"
  },
  {
    "inst_id":"BTC-USDT-SWAP",
    "side":"buy",
    "size":"1.57",
    "price":"62943.4",
    "source":"0",
    "tradeId":"2775128338",
    "timestamp":"1783592474422"
  },
  {
    "inst_id":"BTC-USDT-SWAP",
    "side":"buy",
    "size":"2.33",
    "price":"62943.4",
    "source":"0",
    "tradeId":"2775128337",
    "timestamp":"1783592474421"
  },
  {
    "inst_id":"BTC-USDT-SWAP",
    "side":"buy",
    "size":"0.01",
    "price":"62943.4",
    "source":"0",
    "tradeId":"2775128336",
    "timestamp":"1783592474421"
  },
  {
    "inst_id":"BTC-USDT-SWAP",
    "side":"buy",
    "size":"0.01",
    "price":"62943.4",
    "source":"0",
    "tradeId":"2775128335",
    "timestamp":"1783592474421"
  },
  {
    "inst_id":"BTC-USDT-SWAP",
    "side":"buy",
    "size":"0.01",
    "price":"62943.3",
    "source":"0",
    "tradeId":"2775128334",
    "timestamp":"1783592474421"
  },
  {
    "inst_id":"BTC-USDT-SWAP",
    "side":"buy",
    "size":"0.01",
    "price":"62943.2",
    "source":"0",
    "tradeId":"2775128333",
    "timestamp":"1783592474421"
  },
  {
    "inst_id":"BTC-USDT-SWAP",
    "side":"buy",
    "size":"0.01",
    "price":"62943.1",
    "source":"0",
    "tradeId":"2775128332",
    "timestamp":"1783592474421"
  },
  {
    "inst_id":"BTC-USDT-SWAP",
    "side":"buy",
    "size":"0.01",
    "price":"62942.9",
    "source":"0",
    "tradeId":"2775128331",
    "timestamp":"1783592474421"
  },
  {
    "inst_id":"BTC-USDT-SWAP",
    "side":"buy",
    "size":"0.01",
    "price":"62942.7",
    "source":"0",
    "tradeId":"2775128330",
    "timestamp":"1783592474421"
  },
  {
    "inst_id":"BTC-USDT-SWAP",
    "side":"buy",
    "size":"0.01",
    "price":"62942.4",
    "source":"0",
    "tradeId":"2775128329",
    "timestamp":"1783592474421"
  },
  {
    "inst_id":"BTC-USDT-SWAP",
    "side":"buy",
    "size":"0.01",
    "price":"62942.4",
    "source":"0",
    "tradeId":"2775128328",
    "timestamp":"1783592474421"
  },
  {
    "inst_id":"BTC-USDT-SWAP",
    "side":"buy",
    "size":"0.12",
    "price":"62942",
    "source":"0",
    "tradeId":"2775128327",
    "timestamp":"1783592474421"
  },
  {
    "inst_id":"BTC-USDT-SWAP",
    "side":"buy",
    "size":"0.01",
    "price":"62942",
    "source":"0",
    "tradeId":"2775128326",
    "timestamp":"1783592474421"
  },
  {
    "inst_id":"BTC-USDT-SWAP",
    "side":"buy",
    "size":"0.12",
    "price":"62941.9",
    "source":"0",
    "tradeId":"2775128325",
    "timestamp":"1783592474421"
  },
  {
    "inst_id":"BTC-USDT-SWAP",
    "side":"buy",
    "size":"0.01",
    "price":"62941.4",
    "source":"0",
    "tradeId":"2775128324",
    "timestamp":"1783592474421"
  },
  {
    "inst_id":"BTC-USDT-SWAP",
    "side":"buy",
    "size":"1",
    "price":"62940.3",
    "source":"0",
    "tradeId":"2775128323",
    "timestamp":"1783592474421"
  },
  {
    "inst_id":"BTC-USDT-SWAP",
    "side":"buy",
    "size":"0.2",
    "price":"62940.3",
    "source":"0",
    "tradeId":"2775128322",
    "timestamp":"1783592474421"
  },
  {
    "inst_id":"BTC-USDT-SWAP",
    "side":"buy",
    "size":"0.77",
    "price":"62940.3",
    "source":"0",
    "tradeId":"2775128321",
    "timestamp":"1783592474419"
  },
  {
    "inst_id":"BTC-USDT-SWAP",
    "side":"buy",
    "size":"0.03",
    "price":"62940.3",
    "source":"0",
    "tradeId":"2775128320",
    "timestamp":"1783592474419"
  },
  {
    "inst_id":"BTC-USDT-SWAP",
    "side":"buy",
    "size":"1",
    "price":"62940.3",
    "source":"0",
    "tradeId":"2775128319",
    "timestamp":"1783592474419"
  },
  {
    "inst_id":"BTC-USDT-SWAP",
    "side":"buy",
    "size":"0.01",
    "price":"62940.3",
    "source":"0",
    "tradeId":"2775128318",
    "timestamp":"1783592474419"
  },
  {
    "inst_id":"BTC-USDT-SWAP",
    "side":"buy",
    "size":"0.01",
    "price":"62940.2",
    "source":"0",
    "tradeId":"2775128317",
    "timestamp":"1783592474419"
  },
  {
    "inst_id":"BTC-USDT-SWAP",
    "side":"buy",
    "size":"0.03",
    "price":"62940",
    "source":"0",
    "tradeId":"2775128316",
    "timestamp":"1783592474419"
  },
  {
    "inst_id":"BTC-USDT-SWAP",
    "side":"buy",
    "size":"0.01",
    "price":"62939.6",
    "source":"0",
    "tradeId":"2775128315",
    "timestamp":"1783592474419"
  },
  {
    "inst_id":"BTC-USDT-SWAP",
    "side":"buy",
    "size":"0.01",
    "price":"62939.5",
    "source":"0",
    "tradeId":"2775128314",
    "timestamp":"1783592474419"
  },
  {
    "inst_id":"BTC-USDT-SWAP",
    "side":"buy",
    "size":"0.01",
    "price":"62939.5",
    "source":"0",
    "tradeId":"2775128313",
    "timestamp":"1783592474419"
  },
  {
    "inst_id":"BTC-USDT-SWAP",
    "side":"buy",
    "size":"0.03",
    "price":"62939.5",
    "source":"0",
    "tradeId":"2775128312",
    "timestamp":"1783592474419"
  },
  {
    "inst_id":"BTC-USDT-SWAP",
    "side":"buy",
    "size":"0.6",
    "price":"62939.5",
    "source":"0",
    "tradeId":"2775128311",
    "timestamp":"1783592474419"
  },
  {
    "inst_id":"BTC-USDT-SWAP",
    "side":"buy",
    "size":"1.07",
    "price":"62939.5",
    "source":"0",
    "tradeId":"2775128310",
    "timestamp":"1783592474419"
  },
  {
    "inst_id":"BTC-USDT-SWAP",
    "side":"buy",
    "size":"0.54",
    "price":"62939.5",
    "source":"0",
    "tradeId":"2775128309",
    "timestamp":"1783592474419"
  },
  {
    "inst_id":"BTC-USDT-SWAP",
    "side":"buy",
    "size":"0.4",
    "price":"62939.5",
    "source":"0",
    "tradeId":"2775128308",
    "timestamp":"1783592474406"
  },
  {
    "inst_id":"BTC-USDT-SWAP",
    "side":"buy",
    "size":"0.4",
    "price":"62939.5",
    "source":"0",
    "tradeId":"2775128307",
    "timestamp":"1783592474405"
  },
  {
    "inst_id":"BTC-USDT-SWAP",
    "side":"buy",
    "size":"0.4",
    "price":"62939.5",
    "source":"0",
    "tradeId":"2775128306",
    "timestamp":"1783592474405"
  },
  {
    "inst_id":"BTC-USDT-SWAP",
    "side":"buy",
    "size":"0.4",
    "price":"62939.5",
    "source":"0",
    "tradeId":"2775128305",
    "timestamp":"1783592474405"
  },
  {
    "inst_id":"BTC-USDT-SWAP",
    "side":"buy",
    "size":"0.31",
    "price":"62940.9",
    "source":"0",
    "tradeId":"2775128404",
    "timestamp":"1783592481470"
  },
  {
    "inst_id":"BTC-USDT-SWAP",
    "side":"buy",
    "size":"0.01",
    "price":"62940.9",
    "source":"0",
    "tradeId":"2775128403",
    "timestamp":"1783592481340"
  },
  {
    "inst_id":"BTC-USDT-SWAP",
    "side":"buy",
    "size":"5.83",
    "price":"62940.9",
    "source":"0",
    "tradeId":"2775128402",
    "timestamp":"1783592481198"
  },
  {
    "inst_id":"BTC-USDT-SWAP",
    "side":"buy",
    "size":"4.17",
    "price":"62940.9",
    "source":"0",
    "tradeId":"2775128401",
    "timestamp":"1783592481198"
  },
  {
    "inst_id":"BTC-USDT-SWAP",
    "side":"buy",
    "size":"0.39",
    "price":"62940.9",
    "source":"0",
    "tradeId":"2775128400",
    "timestamp":"1783592481146"
  },
  {
    "inst_id":"BTC-USDT-SWAP",
    "side":"sell",
    "size":"2.3",
    "price":"62940.8",
    "source":"0",
    "tradeId":"2775128399",
    "timestamp":"1783592480136"
  },
  {
    "inst_id":"BTC-USDT-SWAP",
    "side":"buy",
    "size":"1.58",
    "price":"62940.9",
    "source":"0",
    "tradeId":"2775128398",
    "timestamp":"1783592479565"
  },
  {
    "inst_id":"BTC-USDT-SWAP",
    "side":"sell",
    "size":"0.17",
    "price":"62940.8",
    "source":"0",
    "tradeId":"2775128397",
    "timestamp":"1783592479530"
  },
  {
    "inst_id":"BTC-USDT-SWAP",
    "side":"buy",
    "size":"0.38",
    "price":"62940.9",
    "source":"0",
    "tradeId":"2775128396",
    "timestamp":"1783592479444"
  },
  {
    "inst_id":"BTC-USDT-SWAP",
    "side":"sell",
    "size":"0.99",
    "price":"62940.8",
    "source":"0",
    "tradeId":"2775128395",
    "timestamp":"1783592479412"
  },
  {
    "inst_id":"BTC-USDT-SWAP",
    "side":"sell",
    "size":"0.2",
    "price":"62940.8",
    "source":"0",
    "tradeId":"2775128394",
    "timestamp":"1783592478968"
  },
  {
    "inst_id":"BTC-USDT-SWAP",
    "side":"sell",
    "size":"2.72",
    "price":"62940.8",
    "source":"0",
    "tradeId":"2775128393",
    "timestamp":"1783592478891"
  },
  {
    "inst_id":"BTC-USDT-SWAP",
    "side":"sell",
    "size":"0.02",
    "price":"62940.8",
    "source":"0",
    "tradeId":"2775128392",
    "timestamp":"1783592478891"
  },
  {
    "inst_id":"BTC-USDT-SWAP",
    "side":"sell",
    "size":"0.01",
    "price":"62940.8",
    "source":"0",
    "tradeId":"2775128391",
    "timestamp":"1783592478891"
  },
  {
    "inst_id":"BTC-USDT-SWAP",
    "side":"sell",
    "size":"2.7",
    "price":"62940.8",
    "source":"0",
    "tradeId":"2775128390",
    "timestamp":"1783592478891"
  },
  {
    "inst_id":"BTC-USDT-SWAP",
    "side":"sell",
    "size":"0.01",
    "price":"62940.8",
    "source":"0",
    "tradeId":"2775128389",
    "timestamp":"1783592478891"
  },
  {
    "inst_id":"BTC-USDT-SWAP",
    "side":"sell",
    "size":"0.01",
    "price":"62940.9",
    "source":"0",
    "tradeId":"2775128388",
    "timestamp":"1783592478888"
  },
  {
    "inst_id":"BTC-USDT-SWAP",
    "side":"sell",
    "size":"0.01",
    "price":"62940.9",
    "source":"0",
    "tradeId":"2775128387",
    "timestamp":"1783592478888"
  },
  {
    "inst_id":"BTC-USDT-SWAP",
    "side":"sell",
    "size":"0.01",
    "price":"62940.9",
    "source":"0",
    "tradeId":"2775128386",
    "timestamp":"1783592478888"
  },
  {
    "inst_id":"BTC-USDT-SWAP",
    "side":"sell",
    "size":"0.01",
    "price":"62941.1",
    "source":"0",
    "tradeId":"2775128385",
    "timestamp":"1783592478885"
  },
  {
    "inst_id":"BTC-USDT-SWAP",
    "side":"sell",
    "size":"0.01",
    "price":"62941.2",
    "source":"0",
    "tradeId":"2775128384",
    "timestamp":"1783592478885"
  },
  {
    "inst_id":"BTC-USDT-SWAP",
    "side":"sell",
    "size":"0.01",
    "price":"62941.3",
    "source":"0",
    "tradeId":"2775128383",
    "timestamp":"1783592478885"
  },
  {
    "inst_id":"BTC-USDT-SWAP",
    "side":"sell",
    "size":"0.01",
    "price":"62941.8",
    "source":"0",
    "tradeId":"2775128382",
    "timestamp":"1783592478885"
  },
  {
    "inst_id":"BTC-USDT-SWAP",
    "side":"sell",
    "size":"0.01",
    "price":"62942",
    "source":"0",
    "tradeId":"2775128381",
    "timestamp":"1783592478885"
  },
  {
    "inst_id":"BTC-USDT-SWAP",
    "side":"sell",
    "size":"0.01",
    "price":"62942.3",
    "source":"0",
    "tradeId":"2775128380",
    "timestamp":"1783592478885"
  },
  {
    "inst_id":"BTC-USDT-SWAP",
    "side":"sell",
    "size":"0.01",
    "price":"62942.4",
    "source":"0",
    "tradeId":"2775128379",
    "timestamp":"1783592478885"
  },
  {
    "inst_id":"BTC-USDT-SWAP",
    "side":"sell",
    "size":"0.01",
    "price":"62943.2",
    "source":"0",
    "tradeId":"2775128378",
    "timestamp":"1783592478885"
  },
  {
    "inst_id":"BTC-USDT-SWAP",
    "side":"sell",
    "size":"0.01",
    "price":"62943.3",
    "source":"0",
    "tradeId":"2775128377",
    "timestamp":"1783592478883"
  },
  {
    "inst_id":"BTC-USDT-SWAP",
    "side":"sell",
    "size":"0.01",
    "price":"62943.4",
    "source":"0",
    "tradeId":"2775128376",
    "timestamp":"1783592478882"
  },
  {
    "inst_id":"BTC-USDT-SWAP",
    "side":"sell",
    "size":"0.01",
    "price":"62943.5",
    "source":"0",
    "tradeId":"2775128375",
    "timestamp":"1783592478880"
  },
  {
    "inst_id":"BTC-USDT-SWAP",
    "side":"sell",
    "size":"0.01",
    "price":"62943.5",
    "source":"0",
    "tradeId":"2775128374",
    "timestamp":"1783592478880"
  },
  {
    "inst_id":"BTC-USDT-SWAP",
    "side":"sell",
    "size":"0.79",
    "price":"62943.6",
    "source":"0",
    "tradeId":"2775128373",
    "timestamp":"1783592478880"
  },
  {
    "inst_id":"BTC-USDT-SWAP",
    "side":"sell",
    "size":"0.01",
    "price":"62943.7",
    "source":"0",
    "tradeId":"2775128372",
    "timestamp":"1783592478880"
  },
  {
    "inst_id":"BTC-USDT-SWAP",
    "side":"sell",
    "size":"0.01",
    "price":"62944.9",
    "source":"0",
    "tradeId":"2775128371",
    "timestamp":"1783592478880"
  },
  {
    "inst_id":"BTC-USDT-SWAP",
    "side":"sell",
    "size":"0.2",
    "price":"62945",
    "source":"0",
    "tradeId":"2775128370",
    "timestamp":"1783592478880"
  },
  {
    "inst_id":"BTC-USDT-SWAP",
    "side":"sell",
    "size":"0.02",
    "price":"62945",
    "source":"0",
    "tradeId":"2775128369",
    "timestamp":"1783592478880"
  },
  {
    "inst_id":"BTC-USDT-SWAP",
    "side":"sell",
    "size":"0.02",
    "price":"62945",
    "source":"0",
    "tradeId":"2775128368",
    "timestamp":"1783592478880"
  },
  {
    "inst_id":"BTC-USDT-SWAP",
    "side":"sell",
    "size":"0.01",
    "price":"62945",
    "source":"0",
    "tradeId":"2775128367",
    "timestamp":"1783592478880"
  },
  {
    "inst_id":"BTC-USDT-SWAP",
    "side":"sell",
    "size":"0.01",
    "price":"62945",
    "source":"0",
    "tradeId":"2775128366",
    "timestamp":"1783592478880"
  },
  {
    "inst_id":"BTC-USDT-SWAP",
    "side":"sell",
    "size":"0.01",
    "price":"62945",
    "source":"0",
    "tradeId":"2775128365",
    "timestamp":"1783592478880"
  },
  {
    "inst_id":"BTC-USDT-SWAP",
    "side":"sell",
    "size":"0.01",
    "price":"62945",
    "source":"0",
    "tradeId":"2775128364",
    "timestamp":"1783592478880"
  },
  {
    "inst_id":"BTC-USDT-SWAP",
    "side":"sell",
    "size":"0.7",
    "price":"62945",
    "source":"0",
    "tradeId":"2775128363",
    "timestamp":"1783592477409"
  },
  {
    "inst_id":"BTC-USDT-SWAP",
    "side":"buy",
    "size":"11.96",
    "price":"62945.1",
    "source":"0",
    "tradeId":"2775128362",
    "timestamp":"1783592476821"
  },
  {
    "inst_id":"BTC-USDT-SWAP",
    "side":"buy",
    "size":"0.01",
    "price":"62945.1",
    "source":"0",
    "tradeId":"2775128361",
    "timestamp":"1783592476821"
  },
  {
    "inst_id":"BTC-USDT-SWAP",
    "side":"buy",
    "size":"4.15",
    "price":"62945.1",
    "source":"0",
    "tradeId":"2775128360",
    "timestamp":"1783592476821"
  },
  {
    "inst_id":"BTC-USDT-SWAP",
    "side":"buy",
    "size":"0.01",
    "price":"62945.1",
    "source":"0",
    "tradeId":"2775128359",
    "timestamp":"1783592476821"
  },
  {
    "inst_id":"BTC-USDT-SWAP",
    "side":"buy",
    "size":"0.01",
    "price":"62945.1",
    "source":"0",
    "tradeId":"2775128358",
    "timestamp":"1783592476821"
  },
  {
    "inst_id":"BTC-USDT-SWAP",
    "side":"buy",
    "size":"1.12",
    "price":"62945.1",
    "source":"0",
    "tradeId":"2775128357",
    "timestamp":"1783592476683"
  },
  {
    "inst_id":"BTC-USDT-SWAP",
    "side":"buy",
    "size":"0.15",
    "price":"62945.1",
    "source":"0",
    "tradeId":"2775128356",
    "timestamp":"1783592476683"
  },
  {
    "inst_id":"BTC-USDT-SWAP",
    "side":"buy",
    "size":"0.01",
    "price":"62945.1",
    "source":"0",
    "tradeId":"2775128355",
    "timestamp":"1783592476683"
  },
  {
    "inst_id":"BTC-USDT-SWAP",
    "side":"buy",
    "size":"0.01",
    "price":"62945.1",
    "source":"0",
    "tradeId":"2775128354",
    "timestamp":"1783592476683"
  },
  {
    "inst_id":"BTC-USDT-SWAP",
    "side":"sell",
    "size":"3.55",
    "price":"62945",
    "source":"0",
    "tradeId":"2775128353",
    "timestamp":"1783592475377"
  },
  {
    "inst_id":"BTC-USDT-SWAP",
    "side":"buy",
    "size":"10.16",
    "price":"62945.1",
    "source":"0",
    "tradeId":"2775128352",
    "timestamp":"1783592475124"
  },
  {
    "inst_id":"BTC-USDT-SWAP",
    "side":"sell",
    "size":"0.2",
    "price":"62945",
    "source":"0",
    "tradeId":"2775128351",
    "timestamp":"1783592475025"
  },
  {
    "inst_id":"BTC-USDT-SWAP",
    "side":"sell",
    "size":"0.01",
    "price":"62945",
    "source":"0",
    "tradeId":"2775128350",
    "timestamp":"1783592475025"
  },
  {
    "inst_id":"BTC-USDT-SWAP",
    "side":"buy",
    "size":"0.01",
    "price":"62945",
    "source":"0",
    "tradeId":"2775128349",
    "timestamp":"1783592474485"
  },
  {
    "inst_id":"BTC-USDT-SWAP",
    "side":"buy",
    "size":"0.01",
    "price":"62945",
    "source":"0",
    "tradeId":"2775128348",
    "timestamp":"1783592474485"
  },
  {
    "inst_id":"BTC-USDT-SWAP",
    "side":"buy",
    "size":"0.01",
    "price":"62945",
    "source":"0",
    "tradeId":"2775128347",
    "timestamp":"1783592474485"
  },
  {
    "inst_id":"BTC-USDT-SWAP",
    "side":"buy",
    "size":"0.01",
    "price":"62944.8",
    "source":"0",
    "tradeId":"2775128346",
    "timestamp":"1783592474485"
  },
  {
    "inst_id":"BTC-USDT-SWAP",
    "side":"buy",
    "size":"0.01",
    "price":"62944.3",
    "source":"0",
    "tradeId":"2775128345",
    "timestamp":"1783592474485"
  },
  {
    "inst_id":"BTC-USDT-SWAP",
    "side":"buy",
    "size":"0.01",
    "price":"62943.5",
    "source":"0",
    "tradeId":"2775128344",
    "timestamp":"1783592474485"
  },
  {
    "inst_id":"BTC-USDT-SWAP",
    "side":"buy",
    "size":"0.22",
    "price":"62943.5",
    "source":"0",
    "tradeId":"2775128343",
    "timestamp":"1783592474485"
  },
  {
    "inst_id":"BTC-USDT-SWAP",
    "side":"buy",
    "size":"0.01",
    "price":"62943.4",
    "source":"0",
    "tradeId":"2775128342",
    "timestamp":"1783592474485"
  },
  {
    "inst_id":"BTC-USDT-SWAP",
    "side":"buy",
    "size":"0.01",
    "price":"62943.4",
    "source":"0",
    "tradeId":"2775128341",
    "timestamp":"1783592474485"
  },
  {
    "inst_id":"BTC-USDT-SWAP",
    "side":"buy",
    "size":"2.67",
    "price":"62943.4",
    "source":"0",
    "tradeId":"2775128340",
    "timestamp":"1783592474422"
  },
  {
    "inst_id":"BTC-USDT-SWAP",
    "side":"buy",
    "size":"1.56",
    "price":"62943.4",
    "source":"0",
    "tradeId":"2775128339",
    "timestamp":"1783592474422"
  },
  {
    "inst_id":"BTC-USDT-SWAP",
    "side":"buy",
    "size":"1.57",
    "price":"62943.4",
    "source":"0",
    "tradeId":"2775128338",
    "timestamp":"1783592474422"
  },
  {
    "inst_id":"BTC-USDT-SWAP",
    "side":"buy",
    "size":"2.33",
    "price":"62943.4",
    "source":"0",
    "tradeId":"2775128337",
    "timestamp":"1783592474421"
  },
  {
    "inst_id":"BTC-USDT-SWAP",
    "side":"buy",
    "size":"0.01",
    "price":"62943.4",
    "source":"0",
    "tradeId":"2775128336",
    "timestamp":"1783592474421"
  },
  {
    "inst_id":"BTC-USDT-SWAP",
    "side":"buy",
    "size":"0.01",
    "price":"62943.4",
    "source":"0",
    "tradeId":"2775128335",
    "timestamp":"1783592474421"
  },
  {
    "inst_id":"BTC-USDT-SWAP",
    "side":"buy",
    "size":"0.01",
    "price":"62943.3",
    "source":"0",
    "tradeId":"2775128334",
    "timestamp":"1783592474421"
  },
  {
    "inst_id":"BTC-USDT-SWAP",
    "side":"buy",
    "size":"0.01",
    "price":"62943.2",
    "source":"0",
    "tradeId":"2775128333",
    "timestamp":"1783592474421"
  },
  {
    "inst_id":"BTC-USDT-SWAP",
    "side":"buy",
    "size":"0.01",
    "price":"62943.1",
    "source":"0",
    "tradeId":"2775128332",
    "timestamp":"1783592474421"
  },
  {
    "inst_id":"BTC-USDT-SWAP",
    "side":"buy",
    "size":"0.01",
    "price":"62942.9",
    "source":"0",
    "tradeId":"2775128331",
    "timestamp":"1783592474421"
  },
  {
    "inst_id":"BTC-USDT-SWAP",
    "side":"buy",
    "size":"0.01",
    "price":"62942.7",
    "source":"0",
    "tradeId":"2775128330",
    "timestamp":"1783592474421"
  },
  {
    "inst_id":"BTC-USDT-SWAP",
    "side":"buy",
    "size":"0.01",
    "price":"62942.4",
    "source":"0",
    "tradeId":"2775128329",
    "timestamp":"1783592474421"
  },
  {
    "inst_id":"BTC-USDT-SWAP",
    "side":"buy",
    "size":"0.01",
    "price":"62942.4",
    "source":"0",
    "tradeId":"2775128328",
    "timestamp":"1783592474421"
  },
  {
    "inst_id":"BTC-USDT-SWAP",
    "side":"buy",
    "size":"0.12",
    "price":"62942",
    "source":"0",
    "tradeId":"2775128327",
    "timestamp":"1783592474421"
  },
  {
    "inst_id":"BTC-USDT-SWAP",
    "side":"buy",
    "size":"0.01",
    "price":"62942",
    "source":"0",
    "tradeId":"2775128326",
    "timestamp":"1783592474421"
  },
  {
    "inst_id":"BTC-USDT-SWAP",
    "side":"buy",
    "size":"0.12",
    "price":"62941.9",
    "source":"0",
    "tradeId":"2775128325",
    "timestamp":"1783592474421"
  },
  {
    "inst_id":"BTC-USDT-SWAP",
    "side":"buy",
    "size":"0.01",
    "price":"62941.4",
    "source":"0",
    "tradeId":"2775128324",
    "timestamp":"1783592474421"
  },
  {
    "inst_id":"BTC-USDT-SWAP",
    "side":"buy",
    "size":"1",
    "price":"62940.3",
    "source":"0",
    "tradeId":"2775128323",
    "timestamp":"1783592474421"
  },
  {
    "inst_id":"BTC-USDT-SWAP",
    "side":"buy",
    "size":"0.2",
    "price":"62940.3",
    "source":"0",
    "tradeId":"2775128322",
    "timestamp":"1783592474421"
  },
  {
    "inst_id":"BTC-USDT-SWAP",
    "side":"buy",
    "size":"0.77",
    "price":"62940.3",
    "source":"0",
    "tradeId":"2775128321",
    "timestamp":"1783592474419"
  },
  {
    "inst_id":"BTC-USDT-SWAP",
    "side":"buy",
    "size":"0.03",
    "price":"62940.3",
    "source":"0",
    "tradeId":"2775128320",
    "timestamp":"1783592474419"
  },
  {
    "inst_id":"BTC-USDT-SWAP",
    "side":"buy",
    "size":"1",
    "price":"62940.3",
    "source":"0",
    "tradeId":"2775128319",
    "timestamp":"1783592474419"
  },
  {
    "inst_id":"BTC-USDT-SWAP",
    "side":"buy",
    "size":"0.01",
    "price":"62940.3",
    "source":"0",
    "tradeId":"2775128318",
    "timestamp":"1783592474419"
  },
  {
    "inst_id":"BTC-USDT-SWAP",
    "side":"buy",
    "size":"0.01",
    "price":"62940.2",
    "source":"0",
    "tradeId":"2775128317",
    "timestamp":"1783592474419"
  },
  {
    "inst_id":"BTC-USDT-SWAP",
    "side":"buy",
    "size":"0.03",
    "price":"62940",
    "source":"0",
    "tradeId":"2775128316",
    "timestamp":"1783592474419"
  },
  {
    "inst_id":"BTC-USDT-SWAP",
    "side":"buy",
    "size":"0.01",
    "price":"62939.6",
    "source":"0",
    "tradeId":"2775128315",
    "timestamp":"1783592474419"
  },
  {
    "inst_id":"BTC-USDT-SWAP",
    "side":"buy",
    "size":"0.01",
    "price":"62939.5",
    "source":"0",
    "tradeId":"2775128314",
    "timestamp":"1783592474419"
  },
  {
    "inst_id":"BTC-USDT-SWAP",
    "side":"buy",
    "size":"0.01",
    "price":"62939.5",
    "source":"0",
    "tradeId":"2775128313",
    "timestamp":"1783592474419"
  },
  {
    "inst_id":"BTC-USDT-SWAP",
    "side":"buy",
    "size":"0.03",
    "price":"62939.5",
    "source":"0",
    "tradeId":"2775128312",
    "timestamp":"1783592474419"
  },
  {
    "inst_id":"BTC-USDT-SWAP",
    "side":"buy",
    "size":"0.6",
    "price":"62939.5",
    "source":"0",
    "tradeId":"2775128311",
    "timestamp":"1783592474419"
  },
  {
    "inst_id":"BTC-USDT-SWAP",
    "side":"buy",
    "size":"1.07",
    "price":"62939.5",
    "source":"0",
    "tradeId":"2775128310",
    "timestamp":"1783592474419"
  },
  {
    "inst_id":"BTC-USDT-SWAP",
    "side":"buy",
    "size":"0.54",
    "price":"62939.5",
    "source":"0",
    "tradeId":"2775128309",
    "timestamp":"1783592474419"
  },
  {
    "inst_id":"BTC-USDT-SWAP",
    "side":"buy",
    "size":"0.4",
    "price":"62939.5",
    "source":"0",
    "tradeId":"2775128308",
    "timestamp":"1783592474406"
  },
  {
    "inst_id":"BTC-USDT-SWAP",
    "side":"buy",
    "size":"0.4",
    "price":"62939.5",
    "source":"0",
    "tradeId":"2775128307",
    "timestamp":"1783592474405"
  },
  {
    "inst_id":"BTC-USDT-SWAP",
    "side":"buy",
    "size":"0.4",
    "price":"62939.5",
    "source":"0",
    "tradeId":"2775128306",
    "timestamp":"1783592474405"
  },
  {
    "inst_id":"BTC-USDT-SWAP",
    "side":"buy",
    "size":"0.4",
    "price":"62939.5",
    "source":"0",
    "tradeId":"2775128305",
    "timestamp":"1783592474405"
  },
  {
    "inst_id":"BTC-USDT-SWAP",
    "side":"buy",
    "size":"15.04",
    "price":"62940.9",
    "source":"0",
    "tradeId":"2775128431",
    "timestamp":"1783592483379"
  },
  {
    "inst_id":"BTC-USDT-SWAP",
    "side":"buy",
    "size":"3.08",
    "price":"62940.9",
    "source":"0",
    "tradeId":"2775128430",
    "timestamp":"1783592483379"
  },
  {
    "inst_id":"BTC-USDT-SWAP",
    "side":"buy",
    "size":"11.43",
    "price":"62940.9",
    "source":"0",
    "tradeId":"2775128429",
    "timestamp":"1783592483379"
  },
  {
    "inst_id":"BTC-USDT-SWAP",
    "side":"buy",
    "size":"2",
    "price":"62940.9",
    "source":"0",
    "tradeId":"2775128428",
    "timestamp":"1783592483379"
  },
  {
    "inst_id":"BTC-USDT-SWAP",
    "side":"buy",
    "size":"0.01",
    "price":"62940.9",
    "source":"0",
    "tradeId":"2775128427",
    "timestamp":"1783592483379"
  },
  {
    "inst_id":"BTC-USDT-SWAP",
    "side":"buy",
    "size":"0.01",
    "price":"62940.9",
    "source":"0",
    "tradeId":"2775128426",
    "timestamp":"1783592483379"
  },
  {
    "inst_id":"BTC-USDT-SWAP",
    "side":"buy",
    "size":"0.01",
    "price":"62940.9",
    "source":"0",
    "tradeId":"2775128425",
    "timestamp":"1783592483379"
  },
  {
    "inst_id":"BTC-USDT-SWAP",
    "side":"buy",
    "size":"0.43",
    "price":"62940.9",
    "source":"0",
    "tradeId":"2775128424",
    "timestamp":"1783592483379"
  },
  {
    "inst_id":"BTC-USDT-SWAP",
    "side":"buy",
    "size":"2.22",
    "price":"62940.9",
    "source":"0",
    "tradeId":"2775128423",
    "timestamp":"1783592483379"
  },
  {
    "inst_id":"BTC-USDT-SWAP",
    "side":"buy",
    "size":"2.17",
    "price":"62940.9",
    "source":"0",
    "tradeId":"2775128422",
    "timestamp":"1783592483379"
  },
  {
    "inst_id":"BTC-USDT-SWAP",
    "side":"buy",
    "size":"2.22",
    "price":"62940.9",
    "source":"0",
    "tradeId":"2775128421",
    "timestamp":"1783592483379"
  },
  {
    "inst_id":"BTC-USDT-SWAP",
    "side":"buy",
    "size":"0.1",
    "price":"62940.9",
    "source":"0",
    "tradeId":"2775128420",
    "timestamp":"1783592483379"
  },
  {
    "inst_id":"BTC-USDT-SWAP",
    "side":"buy",
    "size":"4.35",
    "price":"62940.9",
    "source":"0",
    "tradeId":"2775128419",
    "timestamp":"1783592483379"
  },
  {
    "inst_id":"BTC-USDT-SWAP",
    "side":"buy",
    "size":"4.35",
    "price":"62940.9",
    "source":"0",
    "tradeId":"2775128418",
    "timestamp":"1783592483379"
  },
  {
    "inst_id":"BTC-USDT-SWAP",
    "side":"buy",
    "size":"2.5",
    "price":"62940.9",
    "source":"0",
    "tradeId":"2775128417",
    "timestamp":"1783592483379"
  },
  {
    "inst_id":"BTC-USDT-SWAP",
    "side":"sell",
    "size":"1.02",
    "price":"62940.8",
    "source":"0",
    "tradeId":"2775128416",
    "timestamp":"1783592483366"
  },
  {
    "inst_id":"BTC-USDT-SWAP",
    "side":"buy",
    "size":"1.85",
    "price":"62940.9",
    "source":"0",
    "tradeId":"2775128415",
    "timestamp":"1783592483084"
  },
  {
    "inst_id":"BTC-USDT-SWAP",
    "side":"buy",
    "size":"0.37",
    "price":"62940.9",
    "source":"0",
    "tradeId":"2775128414",
    "timestamp":"1783592483084"
  },
  {
    "inst_id":"BTC-USDT-SWAP",
    "side":"sell",
    "size":"45.14",
    "price":"62940.8",
    "source":"0",
    "tradeId":"2775128413",
    "timestamp":"1783592482968"
  },
  {
    "inst_id":"BTC-USDT-SWAP",
    "side":"sell",
    "size":"0.01",
    "price":"62940.8",
    "source":"0",
    "tradeId":"2775128412",
    "timestamp":"1783592482968"
  },
  {
    "inst_id":"BTC-USDT-SWAP",
    "side":"sell",
    "size":"8",
    "price":"62940.8",
    "source":"0",
    "tradeId":"2775128411",
    "timestamp":"1783592482968"
  },
  {
    "inst_id":"BTC-USDT-SWAP",
    "side":"sell",
    "size":"0.01",
    "price":"62940.8",
    "source":"0",
    "tradeId":"2775128410",
    "timestamp":"1783592482968"
  },
  {
    "inst_id":"BTC-USDT-SWAP",
    "side":"sell",
    "size":"59.35",
    "price":"62940.8",
    "source":"0",
    "tradeId":"2775128409",
    "timestamp":"1783592482968"
  },
  {
    "inst_id":"BTC-USDT-SWAP",
    "side":"sell",
    "size":"26.03",
    "price":"62940.8",
    "source":"0",
    "tradeId":"2775128408",
    "timestamp":"1783592482968"
  },
  {
    "inst_id":"BTC-USDT-SWAP",
    "side":"sell",
    "size":"50.27",
    "price":"62940.8",
    "source":"0",
    "tradeId":"2775128407",
    "timestamp":"1783592482968"
  },
  {
    "inst_id":"BTC-USDT-SWAP",
    "side":"sell",
    "size":"100",
    "price":"62940.8",
    "source":"0",
    "tradeId":"2775128406",
    "timestamp":"1783592482968"
  },
  {
    "inst_id":"BTC-USDT-SWAP",
    "side":"sell",
    "size":"76.61",
    "price":"62940.8",
    "source":"0",
    "tradeId":"2775128405",
    "timestamp":"1783592482968"
  },
  {
    "inst_id":"BTC-USDT-SWAP",
    "side":"buy",
    "size":"0.31",
    "price":"62940.9",
    "source":"0",
    "tradeId":"2775128404",
    "timestamp":"1783592481470"
  },
  {
    "inst_id":"BTC-USDT-SWAP",
    "side":"buy",
    "size":"0.01",
    "price":"62940.9",
    "source":"0",
    "tradeId":"2775128403",
    "timestamp":"1783592481340"
  },
  {
    "inst_id":"BTC-USDT-SWAP",
    "side":"buy",
    "size":"5.83",
    "price":"62940.9",
    "source":"0",
    "tradeId":"2775128402",
    "timestamp":"1783592481198"
  },
  {
    "inst_id":"BTC-USDT-SWAP",
    "side":"buy",
    "size":"4.17",
    "price":"62940.9",
    "source":"0",
    "tradeId":"2775128401",
    "timestamp":"1783592481198"
  },
  {
    "inst_id":"BTC-USDT-SWAP",
    "side":"buy",
    "size":"0.39",
    "price":"62940.9",
    "source":"0",
    "tradeId":"2775128400",
    "timestamp":"1783592481146"
  },
  {
    "inst_id":"BTC-USDT-SWAP",
    "side":"sell",
    "size":"2.3",
    "price":"62940.8",
    "source":"0",
    "tradeId":"2775128399",
    "timestamp":"1783592480136"
  },
  {
    "inst_id":"BTC-USDT-SWAP",
    "side":"buy",
    "size":"1.58",
    "price":"62940.9",
    "source":"0",
    "tradeId":"2775128398",
    "timestamp":"1783592479565"
  },
  {
    "inst_id":"BTC-USDT-SWAP",
    "side":"sell",
    "size":"0.17",
    "price":"62940.8",
    "source":"0",
    "tradeId":"2775128397",
    "timestamp":"1783592479530"
  },
  {
    "inst_id":"BTC-USDT-SWAP",
    "side":"buy",
    "size":"0.38",
    "price":"62940.9",
    "source":"0",
    "tradeId":"2775128396",
    "timestamp":"1783592479444"
  },
  {
    "inst_id":"BTC-USDT-SWAP",
    "side":"sell",
    "size":"0.99",
    "price":"62940.8",
    "source":"0",
    "tradeId":"2775128395",
    "timestamp":"1783592479412"
  },
  {
    "inst_id":"BTC-USDT-SWAP",
    "side":"sell",
    "size":"0.2",
    "price":"62940.8",
    "source":"0",
    "tradeId":"2775128394",
    "timestamp":"1783592478968"
  },
  {
    "inst_id":"BTC-USDT-SWAP",
    "side":"sell",
    "size":"2.72",
    "price":"62940.8",
    "source":"0",
    "tradeId":"2775128393",
    "timestamp":"1783592478891"
  },
  {
    "inst_id":"BTC-USDT-SWAP",
    "side":"sell",
    "size":"0.02",
    "price":"62940.8",
    "source":"0",
    "tradeId":"2775128392",
    "timestamp":"1783592478891"
  },
  {
    "inst_id":"BTC-USDT-SWAP",
    "side":"sell",
    "size":"0.01",
    "price":"62940.8",
    "source":"0",
    "tradeId":"2775128391",
    "timestamp":"1783592478891"
  },
  {
    "inst_id":"BTC-USDT-SWAP",
    "side":"sell",
    "size":"2.7",
    "price":"62940.8",
    "source":"0",
    "tradeId":"2775128390",
    "timestamp":"1783592478891"
  },
  {
    "inst_id":"BTC-USDT-SWAP",
    "side":"sell",
    "size":"0.01",
    "price":"62940.8",
    "source":"0",
    "tradeId":"2775128389",
    "timestamp":"1783592478891"
  },
  {
    "inst_id":"BTC-USDT-SWAP",
    "side":"sell",
    "size":"0.01",
    "price":"62940.9",
    "source":"0",
    "tradeId":"2775128388",
    "timestamp":"1783592478888"
  },
  {
    "inst_id":"BTC-USDT-SWAP",
    "side":"sell",
    "size":"0.01",
    "price":"62940.9",
    "source":"0",
    "tradeId":"2775128387",
    "timestamp":"1783592478888"
  },
  {
    "inst_id":"BTC-USDT-SWAP",
    "side":"sell",
    "size":"0.01",
    "price":"62940.9",
    "source":"0",
    "tradeId":"2775128386",
    "timestamp":"1783592478888"
  },
  {
    "inst_id":"BTC-USDT-SWAP",
    "side":"sell",
    "size":"0.01",
    "price":"62941.1",
    "source":"0",
    "tradeId":"2775128385",
    "timestamp":"1783592478885"
  },
  {
    "inst_id":"BTC-USDT-SWAP",
    "side":"sell",
    "size":"0.01",
    "price":"62941.2",
    "source":"0",
    "tradeId":"2775128384",
    "timestamp":"1783592478885"
  },
  {
    "inst_id":"BTC-USDT-SWAP",
    "side":"sell",
    "size":"0.01",
    "price":"62941.3",
    "source":"0",
    "tradeId":"2775128383",
    "timestamp":"1783592478885"
  },
  {
    "inst_id":"BTC-USDT-SWAP",
    "side":"sell",
    "size":"0.01",
    "price":"62941.8",
    "source":"0",
    "tradeId":"2775128382",
    "timestamp":"1783592478885"
  },
  {
    "inst_id":"BTC-USDT-SWAP",
    "side":"sell",
    "size":"0.01",
    "price":"62942",
    "source":"0",
    "tradeId":"2775128381",
    "timestamp":"1783592478885"
  },
  {
    "inst_id":"BTC-USDT-SWAP",
    "side":"sell",
    "size":"0.01",
    "price":"62942.3",
    "source":"0",
    "tradeId":"2775128380",
    "timestamp":"1783592478885"
  },
  {
    "inst_id":"BTC-USDT-SWAP",
    "side":"sell",
    "size":"0.01",
    "price":"62942.4",
    "source":"0",
    "tradeId":"2775128379",
    "timestamp":"1783592478885"
  },
  {
    "inst_id":"BTC-USDT-SWAP",
    "side":"sell",
    "size":"0.01",
    "price":"62943.2",
    "source":"0",
    "tradeId":"2775128378",
    "timestamp":"1783592478885"
  },
  {
    "inst_id":"BTC-USDT-SWAP",
    "side":"sell",
    "size":"0.01",
    "price":"62943.3",
    "source":"0",
    "tradeId":"2775128377",
    "timestamp":"1783592478883"
  },
  {
    "inst_id":"BTC-USDT-SWAP",
    "side":"sell",
    "size":"0.01",
    "price":"62943.4",
    "source":"0",
    "tradeId":"2775128376",
    "timestamp":"1783592478882"
  },
  {
    "inst_id":"BTC-USDT-SWAP",
    "side":"sell",
    "size":"0.01",
    "price":"62943.5",
    "source":"0",
    "tradeId":"2775128375",
    "timestamp":"1783592478880"
  },
  {
    "inst_id":"BTC-USDT-SWAP",
    "side":"sell",
    "size":"0.01",
    "price":"62943.5",
    "source":"0",
    "tradeId":"2775128374",
    "timestamp":"1783592478880"
  },
  {
    "inst_id":"BTC-USDT-SWAP",
    "side":"sell",
    "size":"0.79",
    "price":"62943.6",
    "source":"0",
    "tradeId":"2775128373",
    "timestamp":"1783592478880"
  },
  {
    "inst_id":"BTC-USDT-SWAP",
    "side":"sell",
    "size":"0.01",
    "price":"62943.7",
    "source":"0",
    "tradeId":"2775128372",
    "timestamp":"1783592478880"
  },
  {
    "inst_id":"BTC-USDT-SWAP",
    "side":"sell",
    "size":"0.01",
    "price":"62944.9",
    "source":"0",
    "tradeId":"2775128371",
    "timestamp":"1783592478880"
  },
  {
    "inst_id":"BTC-USDT-SWAP",
    "side":"sell",
    "size":"0.2",
    "price":"62945",
    "source":"0",
    "tradeId":"2775128370",
    "timestamp":"1783592478880"
  },
  {
    "inst_id":"BTC-USDT-SWAP",
    "side":"sell",
    "size":"0.02",
    "price":"62945",
    "source":"0",
    "tradeId":"2775128369",
    "timestamp":"1783592478880"
  },
  {
    "inst_id":"BTC-USDT-SWAP",
    "side":"sell",
    "size":"0.02",
    "price":"62945",
    "source":"0",
    "tradeId":"2775128368",
    "timestamp":"1783592478880"
  },
  {
    "inst_id":"BTC-USDT-SWAP",
    "side":"sell",
    "size":"0.01",
    "price":"62945",
    "source":"0",
    "tradeId":"2775128367",
    "timestamp":"1783592478880"
  },
  {
    "inst_id":"BTC-USDT-SWAP",
    "side":"sell",
    "size":"0.01",
    "price":"62945",
    "source":"0",
    "tradeId":"2775128366",
    "timestamp":"1783592478880"
  },
  {
    "inst_id":"BTC-USDT-SWAP",
    "side":"sell",
    "size":"0.01",
    "price":"62945",
    "source":"0",
    "tradeId":"2775128365",
    "timestamp":"1783592478880"
  },
  {
    "inst_id":"BTC-USDT-SWAP",
    "side":"sell",
    "size":"0.01",
    "price":"62945",
    "source":"0",
    "tradeId":"2775128364",
    "timestamp":"1783592478880"
  },
  {
    "inst_id":"BTC-USDT-SWAP",
    "side":"sell",
    "size":"0.7",
    "price":"62945",
    "source":"0",
    "tradeId":"2775128363",
    "timestamp":"1783592477409"
  },
  {
    "inst_id":"BTC-USDT-SWAP",
    "side":"buy",
    "size":"11.96",
    "price":"62945.1",
    "source":"0",
    "tradeId":"2775128362",
    "timestamp":"1783592476821"
  },
  {
    "inst_id":"BTC-USDT-SWAP",
    "side":"buy",
    "size":"0.01",
    "price":"62945.1",
    "source":"0",
    "tradeId":"2775128361",
    "timestamp":"1783592476821"
  },
  {
    "inst_id":"BTC-USDT-SWAP",
    "side":"buy",
    "size":"4.15",
    "price":"62945.1",
    "source":"0",
    "tradeId":"2775128360",
    "timestamp":"1783592476821"
  },
  {
    "inst_id":"BTC-USDT-SWAP",
    "side":"buy",
    "size":"0.01",
    "price":"62945.1",
    "source":"0",
    "tradeId":"2775128359",
    "timestamp":"1783592476821"
  },
  {
    "inst_id":"BTC-USDT-SWAP",
    "side":"buy",
    "size":"0.01",
    "price":"62945.1",
    "source":"0",
    "tradeId":"2775128358",
    "timestamp":"1783592476821"
  },
  {
    "inst_id":"BTC-USDT-SWAP",
    "side":"buy",
    "size":"1.12",
    "price":"62945.1",
    "source":"0",
    "tradeId":"2775128357",
    "timestamp":"1783592476683"
  },
  {
    "inst_id":"BTC-USDT-SWAP",
    "side":"buy",
    "size":"0.15",
    "price":"62945.1",
    "source":"0",
    "tradeId":"2775128356",
    "timestamp":"1783592476683"
  },
  {
    "inst_id":"BTC-USDT-SWAP",
    "side":"buy",
    "size":"0.01",
    "price":"62945.1",
    "source":"0",
    "tradeId":"2775128355",
    "timestamp":"1783592476683"
  },
  {
    "inst_id":"BTC-USDT-SWAP",
    "side":"buy",
    "size":"0.01",
    "price":"62945.1",
    "source":"0",
    "tradeId":"2775128354",
    "timestamp":"1783592476683"
  },
  {
    "inst_id":"BTC-USDT-SWAP",
    "side":"sell",
    "size":"3.55",
    "price":"62945",
    "source":"0",
    "tradeId":"2775128353",
    "timestamp":"1783592475377"
  },
  {
    "inst_id":"BTC-USDT-SWAP",
    "side":"buy",
    "size":"10.16",
    "price":"62945.1",
    "source":"0",
    "tradeId":"2775128352",
    "timestamp":"1783592475124"
  },
  {
    "inst_id":"BTC-USDT-SWAP",
    "side":"sell",
    "size":"0.2",
    "price":"62945",
    "source":"0",
    "tradeId":"2775128351",
    "timestamp":"1783592475025"
  },
  {
    "inst_id":"BTC-USDT-SWAP",
    "side":"sell",
    "size":"0.01",
    "price":"62945",
    "source":"0",
    "tradeId":"2775128350",
    "timestamp":"1783592475025"
  },
  {
    "inst_id":"BTC-USDT-SWAP",
    "side":"buy",
    "size":"0.01",
    "price":"62945",
    "source":"0",
    "tradeId":"2775128349",
    "timestamp":"1783592474485"
  },
  {
    "inst_id":"BTC-USDT-SWAP",
    "side":"buy",
    "size":"0.01",
    "price":"62945",
    "source":"0",
    "tradeId":"2775128348",
    "timestamp":"1783592474485"
  },
  {
    "inst_id":"BTC-USDT-SWAP",
    "side":"buy",
    "size":"0.01",
    "price":"62945",
    "source":"0",
    "tradeId":"2775128347",
    "timestamp":"1783592474485"
  },
  {
    "inst_id":"BTC-USDT-SWAP",
    "side":"buy",
    "size":"0.01",
    "price":"62944.8",
    "source":"0",
    "tradeId":"2775128346",
    "timestamp":"1783592474485"
  },
  {
    "inst_id":"BTC-USDT-SWAP",
    "side":"buy",
    "size":"0.01",
    "price":"62944.3",
    "source":"0",
    "tradeId":"2775128345",
    "timestamp":"1783592474485"
  },
  {
    "inst_id":"BTC-USDT-SWAP",
    "side":"buy",
    "size":"0.01",
    "price":"62943.5",
    "source":"0",
    "tradeId":"2775128344",
    "timestamp":"1783592474485"
  },
  {
    "inst_id":"BTC-USDT-SWAP",
    "side":"buy",
    "size":"0.22",
    "price":"62943.5",
    "source":"0",
    "tradeId":"2775128343",
    "timestamp":"1783592474485"
  },
  {
    "inst_id":"BTC-USDT-SWAP",
    "side":"buy",
    "size":"0.01",
    "price":"62943.4",
    "source":"0",
    "tradeId":"2775128342",
    "timestamp":"1783592474485"
  },
  {
    "inst_id":"BTC-USDT-SWAP",
    "side":"buy",
    "size":"0.01",
    "price":"62943.4",
    "source":"0",
    "tradeId":"2775128341",
    "timestamp":"1783592474485"
  },
  {
    "inst_id":"BTC-USDT-SWAP",
    "side":"buy",
    "size":"2.67",
    "price":"62943.4",
    "source":"0",
    "tradeId":"2775128340",
    "timestamp":"1783592474422"
  },
  {
    "inst_id":"BTC-USDT-SWAP",
    "side":"buy",
    "size":"1.56",
    "price":"62943.4",
    "source":"0",
    "tradeId":"2775128339",
    "timestamp":"1783592474422"
  },
  {
    "inst_id":"BTC-USDT-SWAP",
    "side":"buy",
    "size":"1.57",
    "price":"62943.4",
    "source":"0",
    "tradeId":"2775128338",
    "timestamp":"1783592474422"
  },
  {
    "inst_id":"BTC-USDT-SWAP",
    "side":"buy",
    "size":"2.33",
    "price":"62943.4",
    "source":"0",
    "tradeId":"2775128337",
    "timestamp":"1783592474421"
  },
  {
    "inst_id":"BTC-USDT-SWAP",
    "side":"buy",
    "size":"0.01",
    "price":"62943.4",
    "source":"0",
    "tradeId":"2775128336",
    "timestamp":"1783592474421"
  },
  {
    "inst_id":"BTC-USDT-SWAP",
    "side":"buy",
    "size":"0.01",
    "price":"62943.4",
    "source":"0",
    "tradeId":"2775128335",
    "timestamp":"1783592474421"
  },
  {
    "inst_id":"BTC-USDT-SWAP",
    "side":"buy",
    "size":"0.01",
    "price":"62943.3",
    "source":"0",
    "tradeId":"2775128334",
    "timestamp":"1783592474421"
  },
  {
    "inst_id":"BTC-USDT-SWAP",
    "side":"buy",
    "size":"0.01",
    "price":"62943.2",
    "source":"0",
    "tradeId":"2775128333",
    "timestamp":"1783592474421"
  },
  {
    "inst_id":"BTC-USDT-SWAP",
    "side":"buy",
    "size":"0.01",
    "price":"62943.1",
    "source":"0",
    "tradeId":"2775128332",
    "timestamp":"1783592474421"
  },
  {
    "inst_id":"BTC-USDT-SWAP",
    "side":"buy",
    "size":"15.04",
    "price":"62940.9",
    "source":"0",
    "tradeId":"2775128431",
    "timestamp":"1783592483379"
  },
  {
    "inst_id":"BTC-USDT-SWAP",
    "side":"buy",
    "size":"3.08",
    "price":"62940.9",
    "source":"0",
    "tradeId":"2775128430",
    "timestamp":"1783592483379"
  },
  {
    "inst_id":"BTC-USDT-SWAP",
    "side":"buy",
    "size":"11.43",
    "price":"62940.9",
    "source":"0",
    "tradeId":"2775128429",
    "timestamp":"1783592483379"
  },
  {
    "inst_id":"BTC-USDT-SWAP",
    "side":"buy",
    "size":"2",
    "price":"62940.9",
    "source":"0",
    "tradeId":"2775128428",
    "timestamp":"1783592483379"
  },
  {
    "inst_id":"BTC-USDT-SWAP",
    "side":"buy",
    "size":"0.01",
    "price":"62940.9",
    "source":"0",
    "tradeId":"2775128427",
    "timestamp":"1783592483379"
  },
  {
    "inst_id":"BTC-USDT-SWAP",
    "side":"buy",
    "size":"0.01",
    "price":"62940.9",
    "source":"0",
    "tradeId":"2775128426",
    "timestamp":"1783592483379"
  },
  {
    "inst_id":"BTC-USDT-SWAP",
    "side":"buy",
    "size":"0.01",
    "price":"62940.9",
    "source":"0",
    "tradeId":"2775128425",
    "timestamp":"1783592483379"
  },
  {
    "inst_id":"BTC-USDT-SWAP",
    "side":"buy",
    "size":"0.43",
    "price":"62940.9",
    "source":"0",
    "tradeId":"2775128424",
    "timestamp":"1783592483379"
  },
  {
    "inst_id":"BTC-USDT-SWAP",
    "side":"buy",
    "size":"2.22",
    "price":"62940.9",
    "source":"0",
    "tradeId":"2775128423",
    "timestamp":"1783592483379"
  },
  {
    "inst_id":"BTC-USDT-SWAP",
    "side":"buy",
    "size":"2.17",
    "price":"62940.9",
    "source":"0",
    "tradeId":"2775128422",
    "timestamp":"1783592483379"
  },
  {
    "inst_id":"BTC-USDT-SWAP",
    "side":"buy",
    "size":"2.22",
    "price":"62940.9",
    "source":"0",
    "tradeId":"2775128421",
    "timestamp":"1783592483379"
  },
  {
    "inst_id":"BTC-USDT-SWAP",
    "side":"buy",
    "size":"0.1",
    "price":"62940.9",
    "source":"0",
    "tradeId":"2775128420",
    "timestamp":"1783592483379"
  },
  {
    "inst_id":"BTC-USDT-SWAP",
    "side":"buy",
    "size":"4.35",
    "price":"62940.9",
    "source":"0",
    "tradeId":"2775128419",
    "timestamp":"1783592483379"
  },
  {
    "inst_id":"BTC-USDT-SWAP",
    "side":"buy",
    "size":"4.35",
    "price":"62940.9",
    "source":"0",
    "tradeId":"2775128418",
    "timestamp":"1783592483379"
  },
  {
    "inst_id":"BTC-USDT-SWAP",
    "side":"buy",
    "size":"2.5",
    "price":"62940.9",
    "source":"0",
    "tradeId":"2775128417",
    "timestamp":"1783592483379"
  },
  {
    "inst_id":"BTC-USDT-SWAP",
    "side":"sell",
    "size":"1.02",
    "price":"62940.8",
    "source":"0",
    "tradeId":"2775128416",
    "timestamp":"1783592483366"
  },
  {
    "inst_id":"BTC-USDT-SWAP",
    "side":"buy",
    "size":"1.85",
    "price":"62940.9",
    "source":"0",
    "tradeId":"2775128415",
    "timestamp":"1783592483084"
  },
  {
    "inst_id":"BTC-USDT-SWAP",
    "side":"buy",
    "size":"0.37",
    "price":"62940.9",
    "source":"0",
    "tradeId":"2775128414",
    "timestamp":"1783592483084"
  },
  {
    "inst_id":"BTC-USDT-SWAP",
    "side":"sell",
    "size":"45.14",
    "price":"62940.8",
    "source":"0",
    "tradeId":"2775128413",
    "timestamp":"1783592482968"
  },
  {
    "inst_id":"BTC-USDT-SWAP",
    "side":"sell",
    "size":"0.01",
    "price":"62940.8",
    "source":"0",
    "tradeId":"2775128412",
    "timestamp":"1783592482968"
  },
  {
    "inst_id":"BTC-USDT-SWAP",
    "side":"sell",
    "size":"8",
    "price":"62940.8",
    "source":"0",
    "tradeId":"2775128411",
    "timestamp":"1783592482968"
  },
  {
    "inst_id":"BTC-USDT-SWAP",
    "side":"sell",
    "size":"0.01",
    "price":"62940.8",
    "source":"0",
    "tradeId":"2775128410",
    "timestamp":"1783592482968"
  },
  {
    "inst_id":"BTC-USDT-SWAP",
    "side":"sell",
    "size":"59.35",
    "price":"62940.8",
    "source":"0",
    "tradeId":"2775128409",
    "timestamp":"1783592482968"
  },
  {
    "inst_id":"BTC-USDT-SWAP",
    "side":"sell",
    "size":"26.03",
    "price":"62940.8",
    "source":"0",
    "tradeId":"2775128408",
    "timestamp":"1783592482968"
  },
  {
    "inst_id":"BTC-USDT-SWAP",
    "side":"sell",
    "size":"50.27",
    "price":"62940.8",
    "source":"0",
    "tradeId":"2775128407",
    "timestamp":"1783592482968"
  },
  {
    "inst_id":"BTC-USDT-SWAP",
    "side":"sell",
    "size":"100",
    "price":"62940.8",
    "source":"0",
    "tradeId":"2775128406",
    "timestamp":"1783592482968"
  },
  {
    "inst_id":"BTC-USDT-SWAP",
    "side":"sell",
    "size":"76.61",
    "price":"62940.8",
    "source":"0",
    "tradeId":"2775128405",
    "timestamp":"1783592482968"
  },
  {
    "inst_id":"BTC-USDT-SWAP",
    "side":"buy",
    "size":"0.31",
    "price":"62940.9",
    "source":"0",
    "tradeId":"2775128404",
    "timestamp":"1783592481470"
  },
  {
    "inst_id":"BTC-USDT-SWAP",
    "side":"buy",
    "size":"0.01",
    "price":"62940.9",
    "source":"0",
    "tradeId":"2775128403",
    "timestamp":"1783592481340"
  },
  {
    "inst_id":"BTC-USDT-SWAP",
    "side":"buy",
    "size":"5.83",
    "price":"62940.9",
    "source":"0",
    "tradeId":"2775128402",
    "timestamp":"1783592481198"
  },
  {
    "inst_id":"BTC-USDT-SWAP",
    "side":"buy",
    "size":"4.17",
    "price":"62940.9",
    "source":"0",
    "tradeId":"2775128401",
    "timestamp":"1783592481198"
  },
  {
    "inst_id":"BTC-USDT-SWAP",
    "side":"buy",
    "size":"0.39",
    "price":"62940.9",
    "source":"0",
    "tradeId":"2775128400",
    "timestamp":"1783592481146"
  },
  {
    "inst_id":"BTC-USDT-SWAP",
    "side":"sell",
    "size":"2.3",
    "price":"62940.8",
    "source":"0",
    "tradeId":"2775128399",
    "timestamp":"1783592480136"
  },
  {
    "inst_id":"BTC-USDT-SWAP",
    "side":"buy",
    "size":"1.58",
    "price":"62940.9",
    "source":"0",
    "tradeId":"2775128398",
    "timestamp":"1783592479565"
  },
  {
    "inst_id":"BTC-USDT-SWAP",
    "side":"sell",
    "size":"0.17",
    "price":"62940.8",
    "source":"0",
    "tradeId":"2775128397",
    "timestamp":"1783592479530"
  },
  {
    "inst_id":"BTC-USDT-SWAP",
    "side":"buy",
    "size":"0.38",
    "price":"62940.9",
    "source":"0",
    "tradeId":"2775128396",
    "timestamp":"1783592479444"
  },
  {
    "inst_id":"BTC-USDT-SWAP",
    "side":"sell",
    "size":"0.99",
    "price":"62940.8",
    "source":"0",
    "tradeId":"2775128395",
    "timestamp":"1783592479412"
  },
  {
    "inst_id":"BTC-USDT-SWAP",
    "side":"sell",
    "size":"0.2",
    "price":"62940.8",
    "source":"0",
    "tradeId":"2775128394",
    "timestamp":"1783592478968"
  },
  {
    "inst_id":"BTC-USDT-SWAP",
    "side":"sell",
    "size":"2.72",
    "price":"62940.8",
    "source":"0",
    "tradeId":"2775128393",
    "timestamp":"1783592478891"
  },
  {
    "inst_id":"BTC-USDT-SWAP",
    "side":"sell",
    "size":"0.02",
    "price":"62940.8",
    "source":"0",
    "tradeId":"2775128392",
    "timestamp":"1783592478891"
  },
  {
    "inst_id":"BTC-USDT-SWAP",
    "side":"sell",
    "size":"0.01",
    "price":"62940.8",
    "source":"0",
    "tradeId":"2775128391",
    "timestamp":"1783592478891"
  },
  {
    "inst_id":"BTC-USDT-SWAP",
    "side":"sell",
    "size":"2.7",
    "price":"62940.8",
    "source":"0",
    "tradeId":"2775128390",
    "timestamp":"1783592478891"
  },
  {
    "inst_id":"BTC-USDT-SWAP",
    "side":"sell",
    "size":"0.01",
    "price":"62940.8",
    "source":"0",
    "tradeId":"2775128389",
    "timestamp":"1783592478891"
  },
  {
    "inst_id":"BTC-USDT-SWAP",
    "side":"sell",
    "size":"0.01",
    "price":"62940.9",
    "source":"0",
    "tradeId":"2775128388",
    "timestamp":"1783592478888"
  },
  {
    "inst_id":"BTC-USDT-SWAP",
    "side":"sell",
    "size":"0.01",
    "price":"62940.9",
    "source":"0",
    "tradeId":"2775128387",
    "timestamp":"1783592478888"
  },
  {
    "inst_id":"BTC-USDT-SWAP",
    "side":"sell",
    "size":"0.01",
    "price":"62940.9",
    "source":"0",
    "tradeId":"2775128386",
    "timestamp":"1783592478888"
  },
  {
    "inst_id":"BTC-USDT-SWAP",
    "side":"sell",
    "size":"0.01",
    "price":"62941.1",
    "source":"0",
    "tradeId":"2775128385",
    "timestamp":"1783592478885"
  },
  {
    "inst_id":"BTC-USDT-SWAP",
    "side":"sell",
    "size":"0.01",
    "price":"62941.2",
    "source":"0",
    "tradeId":"2775128384",
    "timestamp":"1783592478885"
  },
  {
    "inst_id":"BTC-USDT-SWAP",
    "side":"sell",
    "size":"0.01",
    "price":"62941.3",
    "source":"0",
    "tradeId":"2775128383",
    "timestamp":"1783592478885"
  },
  {
    "inst_id":"BTC-USDT-SWAP",
    "side":"sell",
    "size":"0.01",
    "price":"62941.8",
    "source":"0",
    "tradeId":"2775128382",
    "timestamp":"1783592478885"
  },
  {
    "inst_id":"BTC-USDT-SWAP",
    "side":"sell",
    "size":"0.01",
    "price":"62942",
    "source":"0",
    "tradeId":"2775128381",
    "timestamp":"1783592478885"
  },
  {
    "inst_id":"BTC-USDT-SWAP",
    "side":"sell",
    "size":"0.01",
    "price":"62942.3",
    "source":"0",
    "tradeId":"2775128380",
    "timestamp":"1783592478885"
  },
  {
    "inst_id":"BTC-USDT-SWAP",
    "side":"sell",
    "size":"0.01",
    "price":"62942.4",
    "source":"0",
    "tradeId":"2775128379",
    "timestamp":"1783592478885"
  },
  {
    "inst_id":"BTC-USDT-SWAP",
    "side":"sell",
    "size":"0.01",
    "price":"62943.2",
    "source":"0",
    "tradeId":"2775128378",
    "timestamp":"1783592478885"
  },
  {
    "inst_id":"BTC-USDT-SWAP",
    "side":"sell",
    "size":"0.01",
    "price":"62943.3",
    "source":"0",
    "tradeId":"2775128377",
    "timestamp":"1783592478883"
  },
  {
    "inst_id":"BTC-USDT-SWAP",
    "side":"sell",
    "size":"0.01",
    "price":"62943.4",
    "source":"0",
    "tradeId":"2775128376",
    "timestamp":"1783592478882"
  },
  {
    "inst_id":"BTC-USDT-SWAP",
    "side":"sell",
    "size":"0.01",
    "price":"62943.5",
    "source":"0",
    "tradeId":"2775128375",
    "timestamp":"1783592478880"
  },
  {
    "inst_id":"BTC-USDT-SWAP",
    "side":"sell",
    "size":"0.01",
    "price":"62943.5",
    "source":"0",
    "tradeId":"2775128374",
    "timestamp":"1783592478880"
  },
  {
    "inst_id":"BTC-USDT-SWAP",
    "side":"sell",
    "size":"0.79",
    "price":"62943.6",
    "source":"0",
    "tradeId":"2775128373",
    "timestamp":"1783592478880"
  },
  {
    "inst_id":"BTC-USDT-SWAP",
    "side":"sell",
    "size":"0.01",
    "price":"62943.7",
    "source":"0",
    "tradeId":"2775128372",
    "timestamp":"1783592478880"
  },
  {
    "inst_id":"BTC-USDT-SWAP",
    "side":"sell",
    "size":"0.01",
    "price":"62944.9",
    "source":"0",
    "tradeId":"2775128371",
    "timestamp":"1783592478880"
  },
  {
    "inst_id":"BTC-USDT-SWAP",
    "side":"sell",
    "size":"0.2",
    "price":"62945",
    "source":"0",
    "tradeId":"2775128370",
    "timestamp":"1783592478880"
  },
  {
    "inst_id":"BTC-USDT-SWAP",
    "side":"sell",
    "size":"0.02",
    "price":"62945",
    "source":"0",
    "tradeId":"2775128369",
    "timestamp":"1783592478880"
  },
  {
    "inst_id":"BTC-USDT-SWAP",
    "side":"sell",
    "size":"0.02",
    "price":"62945",
    "source":"0",
    "tradeId":"2775128368",
    "timestamp":"1783592478880"
  },
  {
    "inst_id":"BTC-USDT-SWAP",
    "side":"sell",
    "size":"0.01",
    "price":"62945",
    "source":"0",
    "tradeId":"2775128367",
    "timestamp":"1783592478880"
  },
  {
    "inst_id":"BTC-USDT-SWAP",
    "side":"sell",
    "size":"0.01",
    "price":"62945",
    "source":"0",
    "tradeId":"2775128366",
    "timestamp":"1783592478880"
  },
  {
    "inst_id":"BTC-USDT-SWAP",
    "side":"sell",
    "size":"0.01",
    "price":"62945",
    "source":"0",
    "tradeId":"2775128365",
    "timestamp":"1783592478880"
  },
  {
    "inst_id":"BTC-USDT-SWAP",
    "side":"sell",
    "size":"0.01",
    "price":"62945",
    "source":"0",
    "tradeId":"2775128364",
    "timestamp":"1783592478880"
  },
  {
    "inst_id":"BTC-USDT-SWAP",
    "side":"sell",
    "size":"0.7",
    "price":"62945",
    "source":"0",
    "tradeId":"2775128363",
    "timestamp":"1783592477409"
  },
  {
    "inst_id":"BTC-USDT-SWAP",
    "side":"buy",
    "size":"11.96",
    "price":"62945.1",
    "source":"0",
    "tradeId":"2775128362",
    "timestamp":"1783592476821"
  },
  {
    "inst_id":"BTC-USDT-SWAP",
    "side":"buy",
    "size":"0.01",
    "price":"62945.1",
    "source":"0",
    "tradeId":"2775128361",
    "timestamp":"1783592476821"
  },
  {
    "inst_id":"BTC-USDT-SWAP",
    "side":"buy",
    "size":"4.15",
    "price":"62945.1",
    "source":"0",
    "tradeId":"2775128360",
    "timestamp":"1783592476821"
  },
  {
    "inst_id":"BTC-USDT-SWAP",
    "side":"buy",
    "size":"0.01",
    "price":"62945.1",
    "source":"0",
    "tradeId":"2775128359",
    "timestamp":"1783592476821"
  },
  {
    "inst_id":"BTC-USDT-SWAP",
    "side":"buy",
    "size":"0.01",
    "price":"62945.1",
    "source":"0",
    "tradeId":"2775128358",
    "timestamp":"1783592476821"
  },
  {
    "inst_id":"BTC-USDT-SWAP",
    "side":"buy",
    "size":"1.12",
    "price":"62945.1",
    "source":"0",
    "tradeId":"2775128357",
    "timestamp":"1783592476683"
  },
  {
    "inst_id":"BTC-USDT-SWAP",
    "side":"buy",
    "size":"0.15",
    "price":"62945.1",
    "source":"0",
    "tradeId":"2775128356",
    "timestamp":"1783592476683"
  },
  {
    "inst_id":"BTC-USDT-SWAP",
    "side":"buy",
    "size":"0.01",
    "price":"62945.1",
    "source":"0",
    "tradeId":"2775128355",
    "timestamp":"1783592476683"
  },
  {
    "inst_id":"BTC-USDT-SWAP",
    "side":"buy",
    "size":"0.01",
    "price":"62945.1",
    "source":"0",
    "tradeId":"2775128354",
    "timestamp":"1783592476683"
  },
  {
    "inst_id":"BTC-USDT-SWAP",
    "side":"sell",
    "size":"3.55",
    "price":"62945",
    "source":"0",
    "tradeId":"2775128353",
    "timestamp":"1783592475377"
  },
  {
    "inst_id":"BTC-USDT-SWAP",
    "side":"buy",
    "size":"10.16",
    "price":"62945.1",
    "source":"0",
    "tradeId":"2775128352",
    "timestamp":"1783592475124"
  },
  {
    "inst_id":"BTC-USDT-SWAP",
    "side":"sell",
    "size":"0.2",
    "price":"62945",
    "source":"0",
    "tradeId":"2775128351",
    "timestamp":"1783592475025"
  },
  {
    "inst_id":"BTC-USDT-SWAP",
    "side":"sell",
    "size":"0.01",
    "price":"62945",
    "source":"0",
    "tradeId":"2775128350",
    "timestamp":"1783592475025"
  },
  {
    "inst_id":"BTC-USDT-SWAP",
    "side":"buy",
    "size":"0.01",
    "price":"62945",
    "source":"0",
    "tradeId":"2775128349",
    "timestamp":"1783592474485"
  },
  {
    "inst_id":"BTC-USDT-SWAP",
    "side":"buy",
    "size":"0.01",
    "price":"62945",
    "source":"0",
    "tradeId":"2775128348",
    "timestamp":"1783592474485"
  },
  {
    "inst_id":"BTC-USDT-SWAP",
    "side":"buy",
    "size":"0.01",
    "price":"62945",
    "source":"0",
    "tradeId":"2775128347",
    "timestamp":"1783592474485"
  },
  {
    "inst_id":"BTC-USDT-SWAP",
    "side":"buy",
    "size":"0.01",
    "price":"62944.8",
    "source":"0",
    "tradeId":"2775128346",
    "timestamp":"1783592474485"
  },
  {
    "inst_id":"BTC-USDT-SWAP",
    "side":"buy",
    "size":"0.01",
    "price":"62944.3",
    "source":"0",
    "tradeId":"2775128345",
    "timestamp":"1783592474485"
  },
  {
    "inst_id":"BTC-USDT-SWAP",
    "side":"buy",
    "size":"0.01",
    "price":"62943.5",
    "source":"0",
    "tradeId":"2775128344",
    "timestamp":"1783592474485"
  },
  {
    "inst_id":"BTC-USDT-SWAP",
    "side":"buy",
    "size":"0.22",
    "price":"62943.5",
    "source":"0",
    "tradeId":"2775128343",
    "timestamp":"1783592474485"
  },
  {
    "inst_id":"BTC-USDT-SWAP",
    "side":"buy",
    "size":"0.01",
    "price":"62943.4",
    "source":"0",
    "tradeId":"2775128342",
    "timestamp":"1783592474485"
  },
  {
    "inst_id":"BTC-USDT-SWAP",
    "side":"buy",
    "size":"0.01",
    "price":"62943.4",
    "source":"0",
    "tradeId":"2775128341",
    "timestamp":"1783592474485"
  },
  {
    "inst_id":"BTC-USDT-SWAP",
    "side":"buy",
    "size":"2.67",
    "price":"62943.4",
    "source":"0",
    "tradeId":"2775128340",
    "timestamp":"1783592474422"
  },
  {
    "inst_id":"BTC-USDT-SWAP",
    "side":"buy",
    "size":"1.56",
    "price":"62943.4",
    "source":"0",
    "tradeId":"2775128339",
    "timestamp":"1783592474422"
  },
  {
    "inst_id":"BTC-USDT-SWAP",
    "side":"buy",
    "size":"1.57",
    "price":"62943.4",
    "source":"0",
    "tradeId":"2775128338",
    "timestamp":"1783592474422"
  },
  {
    "inst_id":"BTC-USDT-SWAP",
    "side":"buy",
    "size":"2.33",
    "price":"62943.4",
    "source":"0",
    "tradeId":"2775128337",
    "timestamp":"1783592474421"
  },
  {
    "inst_id":"BTC-USDT-SWAP",
    "side":"buy",
    "size":"0.01",
    "price":"62943.4",
    "source":"0",
    "tradeId":"2775128336",
    "timestamp":"1783592474421"
  },
  {
    "inst_id":"BTC-USDT-SWAP",
    "side":"buy",
    "size":"0.01",
    "price":"62943.4",
    "source":"0",
    "tradeId":"2775128335",
    "timestamp":"1783592474421"
  },
  {
    "inst_id":"BTC-USDT-SWAP",
    "side":"buy",
    "size":"0.01",
    "price":"62943.3",
    "source":"0",
    "tradeId":"2775128334",
    "timestamp":"1783592474421"
  },
  {
    "inst_id":"BTC-USDT-SWAP",
    "side":"buy",
    "size":"0.01",
    "price":"62943.2",
    "source":"0",
    "tradeId":"2775128333",
    "timestamp":"1783592474421"
  },
  {
    "inst_id":"BTC-USDT-SWAP",
    "side":"buy",
    "size":"0.01",
    "price":"62943.1",
    "source":"0",
    "tradeId":"2775128332",
    "timestamp":"1783592474421"
  },
  {
    "inst_id":"BTC-USDT-SWAP",
    "side":"buy",
    "size":"7.06",
    "price":"62940.9",
    "source":"0",
    "tradeId":"2775128432",
    "timestamp":"1783592483877"
  },
  {
    "inst_id":"BTC-USDT-SWAP",
    "side":"buy",
    "size":"15.04",
    "price":"62940.9",
    "source":"0",
    "tradeId":"2775128431",
    "timestamp":"1783592483379"
  },
  {
    "inst_id":"BTC-USDT-SWAP",
    "side":"buy",
    "size":"3.08",
    "price":"62940.9",
    "source":"0",
    "tradeId":"2775128430",
    "timestamp":"1783592483379"
  },
  {
    "inst_id":"BTC-USDT-SWAP",
    "side":"buy",
    "size":"11.43",
    "price":"62940.9",
    "source":"0",
    "tradeId":"2775128429",
    "timestamp":"1783592483379"
  },
  {
    "inst_id":"BTC-USDT-SWAP",
    "side":"buy",
    "size":"2",
    "price":"62940.9",
    "source":"0",
    "tradeId":"2775128428",
    "timestamp":"1783592483379"
  },
  {
    "inst_id":"BTC-USDT-SWAP",
    "side":"buy",
    "size":"0.01",
    "price":"62940.9",
    "source":"0",
    "tradeId":"2775128427",
    "timestamp":"1783592483379"
  },
  {
    "inst_id":"BTC-USDT-SWAP",
    "side":"buy",
    "size":"0.01",
    "price":"62940.9",
    "source":"0",
    "tradeId":"2775128426",
    "timestamp":"1783592483379"
  },
  {
    "inst_id":"BTC-USDT-SWAP",
    "side":"buy",
    "size":"0.01",
    "price":"62940.9",
    "source":"0",
    "tradeId":"2775128425",
    "timestamp":"1783592483379"
  },
  {
    "inst_id":"BTC-USDT-SWAP",
    "side":"buy",
    "size":"0.43",
    "price":"62940.9",
    "source":"0",
    "tradeId":"2775128424",
    "timestamp":"1783592483379"
  },
  {
    "inst_id":"BTC-USDT-SWAP",
    "side":"buy",
    "size":"2.22",
    "price":"62940.9",
    "source":"0",
    "tradeId":"2775128423",
    "timestamp":"1783592483379"
  },
  {
    "inst_id":"BTC-USDT-SWAP",
    "side":"buy",
    "size":"2.17",
    "price":"62940.9",
    "source":"0",
    "tradeId":"2775128422",
    "timestamp":"1783592483379"
  },
  {
    "inst_id":"BTC-USDT-SWAP",
    "side":"buy",
    "size":"2.22",
    "price":"62940.9",
    "source":"0",
    "tradeId":"2775128421",
    "timestamp":"1783592483379"
  },
  {
    "inst_id":"BTC-USDT-SWAP",
    "side":"buy",
    "size":"0.1",
    "price":"62940.9",
    "source":"0",
    "tradeId":"2775128420",
    "timestamp":"1783592483379"
  },
  {
    "inst_id":"BTC-USDT-SWAP",
    "side":"buy",
    "size":"4.35",
    "price":"62940.9",
    "source":"0",
    "tradeId":"2775128419",
    "timestamp":"1783592483379"
  },
  {
    "inst_id":"BTC-USDT-SWAP",
    "side":"buy",
    "size":"4.35",
    "price":"62940.9",
    "source":"0",
    "tradeId":"2775128418",
    "timestamp":"1783592483379"
  },
  {
    "inst_id":"BTC-USDT-SWAP",
    "side":"buy",
    "size":"2.5",
    "price":"62940.9",
    "source":"0",
    "tradeId":"2775128417",
    "timestamp":"1783592483379"
  },
  {
    "inst_id":"BTC-USDT-SWAP",
    "side":"sell",
    "size":"1.02",
    "price":"62940.8",
    "source":"0",
    "tradeId":"2775128416",
    "timestamp":"1783592483366"
  },
  {
    "inst_id":"BTC-USDT-SWAP",
    "side":"buy",
    "size":"1.85",
    "price":"62940.9",
    "source":"0",
    "tradeId":"2775128415",
    "timestamp":"1783592483084"
  },
  {
    "inst_id":"BTC-USDT-SWAP",
    "side":"buy",
    "size":"0.37",
    "price":"62940.9",
    "source":"0",
    "tradeId":"2775128414",
    "timestamp":"1783592483084"
  },
  {
    "inst_id":"BTC-USDT-SWAP",
    "side":"sell",
    "size":"45.14",
    "price":"62940.8",
    "source":"0",
    "tradeId":"2775128413",
    "timestamp":"1783592482968"
  },
  {
    "inst_id":"BTC-USDT-SWAP",
    "side":"sell",
    "size":"0.01",
    "price":"62940.8",
    "source":"0",
    "tradeId":"2775128412",
    "timestamp":"1783592482968"
  },
  {
    "inst_id":"BTC-USDT-SWAP",
    "side":"sell",
    "size":"8",
    "price":"62940.8",
    "source":"0",
    "tradeId":"2775128411",
    "timestamp":"1783592482968"
  },
  {
    "inst_id":"BTC-USDT-SWAP",
    "side":"sell",
    "size":"0.01",
    "price":"62940.8",
    "source":"0",
    "tradeId":"2775128410",
    "timestamp":"1783592482968"
  },
  {
    "inst_id":"BTC-USDT-SWAP",
    "side":"sell",
    "size":"59.35",
    "price":"62940.8",
    "source":"0",
    "tradeId":"2775128409",
    "timestamp":"1783592482968"
  },
  {
    "inst_id":"BTC-USDT-SWAP",
    "side":"sell",
    "size":"26.03",
    "price":"62940.8",
    "source":"0",
    "tradeId":"2775128408",
    "timestamp":"1783592482968"
  },
  {
    "inst_id":"BTC-USDT-SWAP",
    "side":"sell",
    "size":"50.27",
    "price":"62940.8",
    "source":"0",
    "tradeId":"2775128407",
    "timestamp":"1783592482968"
  },
  {
    "inst_id":"BTC-USDT-SWAP",
    "side":"sell",
    "size":"100",
    "price":"62940.8",
    "source":"0",
    "tradeId":"2775128406",
    "timestamp":"1783592482968"
  },
  {
    "inst_id":"BTC-USDT-SWAP",
    "side":"sell",
    "size":"76.61",
    "price":"62940.8",
    "source":"0",
    "tradeId":"2775128405",
    "timestamp":"1783592482968"
  },
  {
    "inst_id":"BTC-USDT-SWAP",
    "side":"buy",
    "size":"0.31",
    "price":"62940.9",
    "source":"0",
    "tradeId":"2775128404",
    "timestamp":"1783592481470"
  },
  {
    "inst_id":"BTC-USDT-SWAP",
    "side":"buy",
    "size":"0.01",
    "price":"62940.9",
    "source":"0",
    "tradeId":"2775128403",
    "timestamp":"1783592481340"
  },
  {
    "inst_id":"BTC-USDT-SWAP",
    "side":"buy",
    "size":"5.83",
    "price":"62940.9",
    "source":"0",
    "tradeId":"2775128402",
    "timestamp":"1783592481198"
  },
  {
    "inst_id":"BTC-USDT-SWAP",
    "side":"buy",
    "size":"4.17",
    "price":"62940.9",
    "source":"0",
    "tradeId":"2775128401",
    "timestamp":"1783592481198"
  },
  {
    "inst_id":"BTC-USDT-SWAP",
    "side":"buy",
    "size":"0.39",
    "price":"62940.9",
    "source":"0",
    "tradeId":"2775128400",
    "timestamp":"1783592481146"
  },
  {
    "inst_id":"BTC-USDT-SWAP",
    "side":"sell",
    "size":"2.3",
    "price":"62940.8",
    "source":"0",
    "tradeId":"2775128399",
    "timestamp":"1783592480136"
  },
  {
    "inst_id":"BTC-USDT-SWAP",
    "side":"buy",
    "size":"1.58",
    "price":"62940.9",
    "source":"0",
    "tradeId":"2775128398",
    "timestamp":"1783592479565"
  },
  {
    "inst_id":"BTC-USDT-SWAP",
    "side":"sell",
    "size":"0.17",
    "price":"62940.8",
    "source":"0",
    "tradeId":"2775128397",
    "timestamp":"1783592479530"
  },
  {
    "inst_id":"BTC-USDT-SWAP",
    "side":"buy",
    "size":"0.38",
    "price":"62940.9",
    "source":"0",
    "tradeId":"2775128396",
    "timestamp":"1783592479444"
  },
  {
    "inst_id":"BTC-USDT-SWAP",
    "side":"sell",
    "size":"0.99",
    "price":"62940.8",
    "source":"0",
    "tradeId":"2775128395",
    "timestamp":"1783592479412"
  },
  {
    "inst_id":"BTC-USDT-SWAP",
    "side":"sell",
    "size":"0.2",
    "price":"62940.8",
    "source":"0",
    "tradeId":"2775128394",
    "timestamp":"1783592478968"
  },
  {
    "inst_id":"BTC-USDT-SWAP",
    "side":"sell",
    "size":"2.72",
    "price":"62940.8",
    "source":"0",
    "tradeId":"2775128393",
    "timestamp":"1783592478891"
  },
  {
    "inst_id":"BTC-USDT-SWAP",
    "side":"sell",
    "size":"0.02",
    "price":"62940.8",
    "source":"0",
    "tradeId":"2775128392",
    "timestamp":"1783592478891"
  },
  {
    "inst_id":"BTC-USDT-SWAP",
    "side":"sell",
    "size":"0.01",
    "price":"62940.8",
    "source":"0",
    "tradeId":"2775128391",
    "timestamp":"1783592478891"
  },
  {
    "inst_id":"BTC-USDT-SWAP",
    "side":"sell",
    "size":"2.7",
    "price":"62940.8",
    "source":"0",
    "tradeId":"2775128390",
    "timestamp":"1783592478891"
  },
  {
    "inst_id":"BTC-USDT-SWAP",
    "side":"sell",
    "size":"0.01",
    "price":"62940.8",
    "source":"0",
    "tradeId":"2775128389",
    "timestamp":"1783592478891"
  },
  {
    "inst_id":"BTC-USDT-SWAP",
    "side":"sell",
    "size":"0.01",
    "price":"62940.9",
    "source":"0",
    "tradeId":"2775128388",
    "timestamp":"1783592478888"
  },
  {
    "inst_id":"BTC-USDT-SWAP",
    "side":"sell",
    "size":"0.01",
    "price":"62940.9",
    "source":"0",
    "tradeId":"2775128387",
    "timestamp":"1783592478888"
  },
  {
    "inst_id":"BTC-USDT-SWAP",
    "side":"sell",
    "size":"0.01",
    "price":"62940.9",
    "source":"0",
    "tradeId":"2775128386",
    "timestamp":"1783592478888"
  },
  {
    "inst_id":"BTC-USDT-SWAP",
    "side":"sell",
    "size":"0.01",
    "price":"62941.1",
    "source":"0",
    "tradeId":"2775128385",
    "timestamp":"1783592478885"
  },
  {
    "inst_id":"BTC-USDT-SWAP",
    "side":"sell",
    "size":"0.01",
    "price":"62941.2",
    "source":"0",
    "tradeId":"2775128384",
    "timestamp":"1783592478885"
  },
  {
    "inst_id":"BTC-USDT-SWAP",
    "side":"sell",
    "size":"0.01",
    "price":"62941.3",
    "source":"0",
    "tradeId":"2775128383",
    "timestamp":"1783592478885"
  },
  {
    "inst_id":"BTC-USDT-SWAP",
    "side":"sell",
    "size":"0.01",
    "price":"62941.8",
    "source":"0",
    "tradeId":"2775128382",
    "timestamp":"1783592478885"
  },
  {
    "inst_id":"BTC-USDT-SWAP",
    "side":"sell",
    "size":"0.01",
    "price":"62942",
    "source":"0",
    "tradeId":"2775128381",
    "timestamp":"1783592478885"
  },
  {
    "inst_id":"BTC-USDT-SWAP",
    "side":"sell",
    "size":"0.01",
    "price":"62942.3",
    "source":"0",
    "tradeId":"2775128380",
    "timestamp":"1783592478885"
  },
  {
    "inst_id":"BTC-USDT-SWAP",
    "side":"sell",
    "size":"0.01",
    "price":"62942.4",
    "source":"0",
    "tradeId":"2775128379",
    "timestamp":"1783592478885"
  },
  {
    "inst_id":"BTC-USDT-SWAP",
    "side":"sell",
    "size":"0.01",
    "price":"62943.2",
    "source":"0",
    "tradeId":"2775128378",
    "timestamp":"1783592478885"
  },
  {
    "inst_id":"BTC-USDT-SWAP",
    "side":"sell",
    "size":"0.01",
    "price":"62943.3",
    "source":"0",
    "tradeId":"2775128377",
    "timestamp":"1783592478883"
  },
  {
    "inst_id":"BTC-USDT-SWAP",
    "side":"sell",
    "size":"0.01",
    "price":"62943.4",
    "source":"0",
    "tradeId":"2775128376",
    "timestamp":"1783592478882"
  },
  {
    "inst_id":"BTC-USDT-SWAP",
    "side":"sell",
    "size":"0.01",
    "price":"62943.5",
    "source":"0",
    "tradeId":"2775128375",
    "timestamp":"1783592478880"
  },
  {
    "inst_id":"BTC-USDT-SWAP",
    "side":"sell",
    "size":"0.01",
    "price":"62943.5",
    "source":"0",
    "tradeId":"2775128374",
    "timestamp":"1783592478880"
  },
  {
    "inst_id":"BTC-USDT-SWAP",
    "side":"sell",
    "size":"0.79",
    "price":"62943.6",
    "source":"0",
    "tradeId":"2775128373",
    "timestamp":"1783592478880"
  },
  {
    "inst_id":"BTC-USDT-SWAP",
    "side":"sell",
    "size":"0.01",
    "price":"62943.7",
    "source":"0",
    "tradeId":"2775128372",
    "timestamp":"1783592478880"
  },
  {
    "inst_id":"BTC-USDT-SWAP",
    "side":"sell",
    "size":"0.01",
    "price":"62944.9",
    "source":"0",
    "tradeId":"2775128371",
    "timestamp":"1783592478880"
  },
  {
    "inst_id":"BTC-USDT-SWAP",
    "side":"sell",
    "size":"0.2",
    "price":"62945",
    "source":"0",
    "tradeId":"2775128370",
    "timestamp":"1783592478880"
  },
  {
    "inst_id":"BTC-USDT-SWAP",
    "side":"sell",
    "size":"0.02",
    "price":"62945",
    "source":"0",
    "tradeId":"2775128369",
    "timestamp":"1783592478880"
  },
  {
    "inst_id":"BTC-USDT-SWAP",
    "side":"sell",
    "size":"0.02",
    "price":"62945",
    "source":"0",
    "tradeId":"2775128368",
    "timestamp":"1783592478880"
  },
  {
    "inst_id":"BTC-USDT-SWAP",
    "side":"sell",
    "size":"0.01",
    "price":"62945",
    "source":"0",
    "tradeId":"2775128367",
    "timestamp":"1783592478880"
  },
  {
    "inst_id":"BTC-USDT-SWAP",
    "side":"sell",
    "size":"0.01",
    "price":"62945",
    "source":"0",
    "tradeId":"2775128366",
    "timestamp":"1783592478880"
  },
  {
    "inst_id":"BTC-USDT-SWAP",
    "side":"sell",
    "size":"0.01",
    "price":"62945",
    "source":"0",
    "tradeId":"2775128365",
    "timestamp":"1783592478880"
  },
  {
    "inst_id":"BTC-USDT-SWAP",
    "side":"sell",
    "size":"0.01",
    "price":"62945",
    "source":"0",
    "tradeId":"2775128364",
    "timestamp":"1783592478880"
  },
  {
    "inst_id":"BTC-USDT-SWAP",
    "side":"sell",
    "size":"0.7",
    "price":"62945",
    "source":"0",
    "tradeId":"2775128363",
    "timestamp":"1783592477409"
  },
  {
    "inst_id":"BTC-USDT-SWAP",
    "side":"buy",
    "size":"11.96",
    "price":"62945.1",
    "source":"0",
    "tradeId":"2775128362",
    "timestamp":"1783592476821"
  },
  {
    "inst_id":"BTC-USDT-SWAP",
    "side":"buy",
    "size":"0.01",
    "price":"62945.1",
    "source":"0",
    "tradeId":"2775128361",
    "timestamp":"1783592476821"
  },
  {
    "inst_id":"BTC-USDT-SWAP",
    "side":"buy",
    "size":"4.15",
    "price":"62945.1",
    "source":"0",
    "tradeId":"2775128360",
    "timestamp":"1783592476821"
  },
  {
    "inst_id":"BTC-USDT-SWAP",
    "side":"buy",
    "size":"0.01",
    "price":"62945.1",
    "source":"0",
    "tradeId":"2775128359",
    "timestamp":"1783592476821"
  },
  {
    "inst_id":"BTC-USDT-SWAP",
    "side":"buy",
    "size":"0.01",
    "price":"62945.1",
    "source":"0",
    "tradeId":"2775128358",
    "timestamp":"1783592476821"
  },
  {
    "inst_id":"BTC-USDT-SWAP",
    "side":"buy",
    "size":"1.12",
    "price":"62945.1",
    "source":"0",
    "tradeId":"2775128357",
    "timestamp":"1783592476683"
  },
  {
    "inst_id":"BTC-USDT-SWAP",
    "side":"buy",
    "size":"0.15",
    "price":"62945.1",
    "source":"0",
    "tradeId":"2775128356",
    "timestamp":"1783592476683"
  },
  {
    "inst_id":"BTC-USDT-SWAP",
    "side":"buy",
    "size":"0.01",
    "price":"62945.1",
    "source":"0",
    "tradeId":"2775128355",
    "timestamp":"1783592476683"
  },
  {
    "inst_id":"BTC-USDT-SWAP",
    "side":"buy",
    "size":"0.01",
    "price":"62945.1",
    "source":"0",
    "tradeId":"2775128354",
    "timestamp":"1783592476683"
  },
  {
    "inst_id":"BTC-USDT-SWAP",
    "side":"sell",
    "size":"3.55",
    "price":"62945",
    "source":"0",
    "tradeId":"2775128353",
    "timestamp":"1783592475377"
  },
  {
    "inst_id":"BTC-USDT-SWAP",
    "side":"buy",
    "size":"10.16",
    "price":"62945.1",
    "source":"0",
    "tradeId":"2775128352",
    "timestamp":"1783592475124"
  },
  {
    "inst_id":"BTC-USDT-SWAP",
    "side":"sell",
    "size":"0.2",
    "price":"62945",
    "source":"0",
    "tradeId":"2775128351",
    "timestamp":"1783592475025"
  },
  {
    "inst_id":"BTC-USDT-SWAP",
    "side":"sell",
    "size":"0.01",
    "price":"62945",
    "source":"0",
    "tradeId":"2775128350",
    "timestamp":"1783592475025"
  },
  {
    "inst_id":"BTC-USDT-SWAP",
    "side":"buy",
    "size":"0.01",
    "price":"62945",
    "source":"0",
    "tradeId":"2775128349",
    "timestamp":"1783592474485"
  },
  {
    "inst_id":"BTC-USDT-SWAP",
    "side":"buy",
    "size":"0.01",
    "price":"62945",
    "source":"0",
    "tradeId":"2775128348",
    "timestamp":"1783592474485"
  },
  {
    "inst_id":"BTC-USDT-SWAP",
    "side":"buy",
    "size":"0.01",
    "price":"62945",
    "source":"0",
    "tradeId":"2775128347",
    "timestamp":"1783592474485"
  },
  {
    "inst_id":"BTC-USDT-SWAP",
    "side":"buy",
    "size":"0.01",
    "price":"62944.8",
    "source":"0",
    "tradeId":"2775128346",
    "timestamp":"1783592474485"
  },
  {
    "inst_id":"BTC-USDT-SWAP",
    "side":"buy",
    "size":"0.01",
    "price":"62944.3",
    "source":"0",
    "tradeId":"2775128345",
    "timestamp":"1783592474485"
  },
  {
    "inst_id":"BTC-USDT-SWAP",
    "side":"buy",
    "size":"0.01",
    "price":"62943.5",
    "source":"0",
    "tradeId":"2775128344",
    "timestamp":"1783592474485"
  },
  {
    "inst_id":"BTC-USDT-SWAP",
    "side":"buy",
    "size":"0.22",
    "price":"62943.5",
    "source":"0",
    "tradeId":"2775128343",
    "timestamp":"1783592474485"
  },
  {
    "inst_id":"BTC-USDT-SWAP",
    "side":"buy",
    "size":"0.01",
    "price":"62943.4",
    "source":"0",
    "tradeId":"2775128342",
    "timestamp":"1783592474485"
  },
  {
    "inst_id":"BTC-USDT-SWAP",
    "side":"buy",
    "size":"0.01",
    "price":"62943.4",
    "source":"0",
    "tradeId":"2775128341",
    "timestamp":"1783592474485"
  },
  {
    "inst_id":"BTC-USDT-SWAP",
    "side":"buy",
    "size":"2.67",
    "price":"62943.4",
    "source":"0",
    "tradeId":"2775128340",
    "timestamp":"1783592474422"
  },
  {
    "inst_id":"BTC-USDT-SWAP",
    "side":"buy",
    "size":"1.56",
    "price":"62943.4",
    "source":"0",
    "tradeId":"2775128339",
    "timestamp":"1783592474422"
  },
  {
    "inst_id":"BTC-USDT-SWAP",
    "side":"buy",
    "size":"1.57",
    "price":"62943.4",
    "source":"0",
    "tradeId":"2775128338",
    "timestamp":"1783592474422"
  },
  {
    "inst_id":"BTC-USDT-SWAP",
    "side":"buy",
    "size":"2.33",
    "price":"62943.4",
    "source":"0",
    "tradeId":"2775128337",
    "timestamp":"1783592474421"
  },
  {
    "inst_id":"BTC-USDT-SWAP",
    "side":"buy",
    "size":"0.01",
    "price":"62943.4",
    "source":"0",
    "tradeId":"2775128336",
    "timestamp":"1783592474421"
  },
  {
    "inst_id":"BTC-USDT-SWAP",
    "side":"buy",
    "size":"0.01",
    "price":"62943.4",
    "source":"0",
    "tradeId":"2775128335",
    "timestamp":"1783592474421"
  },
  {
    "inst_id":"BTC-USDT-SWAP",
    "side":"buy",
    "size":"0.01",
    "price":"62943.3",
    "source":"0",
    "tradeId":"2775128334",
    "timestamp":"1783592474421"
  },
  {
    "inst_id":"BTC-USDT-SWAP",
    "side":"buy",
    "size":"0.01",
    "price":"62943.2",
    "source":"0",
    "tradeId":"2775128333",
    "timestamp":"1783592474421"
  }
]