[
  {
    "inst_id":"ETH-USDT-SWAP",
    "side":"sell",
    "size":"0.5",
    "price":"1753.38",
    "source":"0",
    "tradeId":"4077538661",
    "timestamp":"1783592486138"
  },
  {
    "inst_id":"ETH-USDT-SWAP",
    "side":"sell",
    "size":"0.03",
    "price":"1753.38",
    "source":"0",
    "tradeId":"4077538660",
    "timestamp":"1783592486138"
  },
  {
    "inst_id":"ETH-USDT-SWAP",
    "side":"sell",
    "size":"0.01",
    "price":"1753.38",
    "source":"0",
    "tradeId":"4077538659",
    "timestamp":"1783592486138"
  },
  {
    "inst_id":"ETH-USDT-SWAP",
    "side":"sell",
    "size":"0.03",
    "price":"1753.38",
    "source":"0",
    "tradeId":"4077538658",
    "timestamp":"1783592486138"
  },
  {
    "inst_id":"ETH-USDT-SWAP",
    "side":"buy",
    "size":"10.25",
    "price":"1753.39",
    "source":"0",
    "tradeId":"4077538657",
    "timestamp":"1783592485809"
  },
  {
    "inst_id":"ETH-USDT-SWAP",
    "side":"buy",
    "size":"10",
    "price":"1753.39",
    "source":"0",
    "tradeId":"4077538656",
    "timestamp":"1783592485573"
  },
  {
    "inst_id":"ETH-USDT-SWAP",
    "side":"buy",
    "size":"11.45",
    "price":"1753.39",
    "source":"0",
    "tradeId":"4077538655",
    "timestamp":"1783592485518"
  },
  {
    "inst_id":"ETH-USDT-SWAP",
    "side":"sell",
    "size":"1.14",
    "price":"1753.39",
    "source":"0",
    "tradeId":"4077538654",
    "timestamp":"1783592485477"
  },
  {
    "inst_id":"ETH-USDT-SWAP",
    "side":"sell",
    "size":"0.03",
    "price":"1753.39",
    "source":"0",
    "tradeId":"4077538653",
    "timestamp":"1783592485477"
  },
  {
    "inst_id":"ETH-USDT-SWAP",
    "side":"sell",
    "size":"0.02",
    "price":"1753.4",
    "source":"0",
    "tradeId":"4077538652",
    "timestamp":"1783592485477"
  },
  {
    "inst_id":"ETH-USDT-SWAP",
    "side":"sell",
    "size":"0.03",
    "price":"1753.4",
    "source":"0",
    "tradeId":"4077538651",
    "timestamp":"1783592485477"
  },
  {
    "inst_id":"ETH-USDT-SWAP",
    "side":"sell",
    "size":"0.03",
    "price":"1753.41",
    "source":"0",
    "tradeId":"4077538650",
    "timestamp":"1783592485477"
  },
  {
    "inst_id":"ETH-USDT-SWAP",
    "side":"sell",
    "size":"0.27",
    "price":"1753.43",
    "source":"0",
    "tradeId":"4077538649",
    "timestamp":"1783592485477"
  },
  {
    "inst_id":"ETH-USDT-SWAP",
    "side":"sell",
    "size":"0.01",
    "price":"1753.43",
    "source":"0",
    "tradeId":"4077538648",
    "timestamp":"1783592485477"
  },
  {
    "inst_id":"ETH-USDT-SWAP",
    "side":"sell",
    "size":"0.4",
    "price":"1753.44",
    "source":"0",
    "tradeId":"4077538647",
    "timestamp":"1783592485477"
  },
  {
    "inst_id":"ETH-USDT-SWAP",
    "side":"sell",
    "size":"2.85",
    "price":"1753.44",
    "source":"0",
    "tradeId":"4077538646",
    "timestamp":"1783592485477"
  },
  {
    "inst_id":"ETH-USDT-SWAP",
    "side":"sell",
    "size":"0.54",
    "price":"1753.44",
    "source":"0",
    "tradeId":"4077538645",
    "timestamp":"1783592485477"
  },
  {
    "inst_id":"ETH-USDT-SWAP",
    "side":"sell",
    "size":"0.54",
    "price":"1753.44",
    "source":"0",
    "tradeId":"4077538644",
    "timestamp":"1783592485477"
  },
  {
    "inst_id":"ETH-USDT-SWAP",
    "side":"sell",
    "size":"0.01",
    "price":"1753.44",
    "source":"0",
    "tradeId":"4077538643",
    "timestamp":"1783592485477"
  },
  {
    "inst_id":"ETH-USDT-SWAP",
    "side":"sell",
    "size":"0.01",
    "price":"1753.44",
    "source":"0",
    "tradeId":"4077538642",
    "timestamp":"1783592485477"
  },
  {
    "inst_id":"ETH-USDT-SWAP",
    "side":"sell",
    "size":"0.01",
    "price":"1753.44",
    "source":"0",
    "tradeId":"4077538641",
    "timestamp":"1783592485477"
  },
  {
    "inst_id":"ETH-USDT-SWAP",
    "side":"sell",
    "size":"0.01",
    "price":"1753.44",
    "source":"0",
    "tradeId":"4077538640",
    "timestamp":"1783592485477"
  },
  {
    "inst_id":"ETH-USDT-SWAP",
    "side":"sell",
    "size":"6.25",
    "price":"1753.44",
    "source":"0",
    "tradeId":"4077538639",
    "timestamp":"1783592485477"
  },
  {
    "inst_id":"ETH-USDT-SWAP",
    "side":"sell",
    "size":"0.03",
    "price":"1753.44",
    "source":"0",
    "tradeId":"4077538638",
    "timestamp":"1783592485477"
  },
  {
    "inst_id":"ETH-USDT-SWAP",
    "side":"sell",
    "size":"0.52",
    "price":"1753.44",
    "source":"0",
    "tradeId":"4077538637",
    "timestamp":"1783592485477"
  },
  {
    "inst_id":"ETH-USDT-SWAP",
    "side":"sell",
    "size":"45.66",
    "price":"1753.44",
    "source":"0",
    "tradeId":"4077538636",
    "timestamp":"1783592485477"
  },
  {
    "inst_id":"ETH-USDT-SWAP",
    "side":"sell",
    "size":"0.01",
    "price":"1753.44",
    "source":"0",
    "tradeId":"4077538635",
    "timestamp":"1783592485477"
  },
  {
    "inst_id":"ETH-USDT-SWAP",
    "side":"sell",
    "size":"0.01",
    "price":"1753.44",
    "source":"0",
    "tradeId":"4077538634",
    "timestamp":"1783592485477"
  },
  {
    "inst_id":"ETH-USDT-SWAP",
    "side":"sell",
    "size":"0.01",
    "price":"1753.44",
    "source":"0",
    "tradeId":"4077538633",
    "timestamp":"1783592485477"
  },
  {
    "inst_id":"ETH-USDT-SWAP",
    "side":"sell",
    "size":"0.03",
    "price":"1753.44",
    "source":"0",
    "tradeId":"4077538632",
    "timestamp":"1783592485477"
  },
  {
    "inst_id":"ETH-USDT-SWAP",
    "side":"sell",
    "size":"0.03",
    "price":"1753.44",
    "source":"0",
    "tradeId":"4077538631",
    "timestamp":"1783592485477"
  },
  {
    "inst_id":"ETH-USDT-SWAP",
    "side":"sell",
    "size":"0.03",
    "price":"1753.44",
    "source":"0",
    "tradeId":"4077538630",
    "timestamp":"1783592485477"
  },
  {
    "inst_id":"ETH-USDT-SWAP",
    "side":"sell",
    "size":"0.03",
    "price":"1753.44",
    "source":"0",
    "tradeId":"4077538629",
    "timestamp":"1783592485477"
  },
  {
    "inst_id":"ETH-USDT-SWAP",
    "side":"sell",
    "size":"0.03",
    "price":"1753.44",
    "source":"0",
    "tradeId":"4077538628",
    "timestamp":"1783592485477"
  },
  {
    "inst_id":"ETH-USDT-SWAP",
    "side":"sell",
    "size":"0.03",
    "price":"1753.44",
    "source":"0",
    "tradeId":"4077538627",
    "timestamp":"1783592485477"
  },
  {
    "inst_id":"ETH-USDT-SWAP",
    "side":"sell",
    "size":"0.03",
    "price":"1753.44",
    "source":"0",
    "tradeId":"4077538626",
    "timestamp":"1783592485477"
  },
  {
    "inst_id":"ETH-USDT-SWAP",
    "side":"sell",
    "size":"0.03",
    "price":"1753.44",
    "source":"0",
    "tradeId":"4077538625",
    "timestamp":"1783592485477"
  },
  {
    "inst_id":"ETH-USDT-SWAP",
    "side":"sell",
    "size":"0.03",
    "price":"1753.44",
    "source":"0",
    "tradeId":"4077538624",
    "timestamp":"1783592485477"
  },
  {
    "inst_id":"ETH-USDT-SWAP",
    "side":"buy",
    "size":"0.01",
    "price":"1753.45",
    "source":"0",
    "tradeId":"4077538623",
    "timestamp":"1783592485410"
  },
  {
    "inst_id":"ETH-USDT-SWAP",
    "side":"buy",
    "size":"0.01",
    "price":"1753.45",
    "source":"0",
    "tradeId":"4077538622",
    "timestamp":"1783592484462"
  },
  {
    "inst_id":"ETH-USDT-SWAP",
    "side":"buy",
    "size":"0.01",
    "price":"1753.45",
    "source":"0",
    "tradeId":"4077538621",
    "timestamp":"1783592483807"
  },
  {
    "inst_id":"ETH-USDT-SWAP",
    "side":"sell",
    "size":"13.81",
    "price":"1753.44",
    "source":"0",
    "tradeId":"4077538620",
    "timestamp":"1783592483291"
  },
  {
    "inst_id":"ETH-USDT-SWAP",
    "side":"sell",
    "size":"0.48",
    "price":"1753.44",
    "source":"0",
    "tradeId":"4077538619",
    "timestamp":"1783592483177"
  },
  {
    "inst_id":"ETH-USDT-SWAP",
    "side":"sell",
    "size":"0.03",
    "price":"1753.44",
    "source":"0",
    "tradeId":"4077538618",
    "timestamp":"1783592483177"
  },
  {
    "inst_id":"ETH-USDT-SWAP",
    "side":"sell",
    "size":"0.48",
    "price":"1753.44",
    "source":"0",
    "tradeId":"4077538617",
    "timestamp":"1783592483177"
  },
  {
    "inst_id":"ETH-USDT-SWAP",
    "side":"buy",
    "size":"1",
    "price":"1753.45",
    "source":"0",
    "tradeId":"4077538616",
    "timestamp":"1783592482673"
  },
  {
    "inst_id":"ETH-USDT-SWAP",
    "side":"buy",
    "size":"4.55",
    "price":"1753.45",
    "source":"0",
    "tradeId":"4077538615",
    "timestamp":"1783592482255"
  },
  {
    "inst_id":"ETH-USDT-SWAP",
    "side":"buy",
    "size":"2",
    "price":"1753.45",
    "source":"0",
    "tradeId":"4077538614",
    "timestamp":"1783592482122"
  },
  {
    "inst_id":"ETH-USDT-SWAP",
    "side":"buy",
    "size":"1.5",
    "price":"1753.45",
    "source":"0",
    "tradeId":"4077538613",
    "timestamp":"1783592481985"
  },
  {
    "inst_id":"ETH-USDT-SWAP",
    "side":"sell",
    "size":"2",
    "price":"1753.44",
    "source":"0",
    "tradeId":"4077538612",
    "timestamp":"1783592481778"
  },
  {
    "inst_id":"ETH-USDT-SWAP",
    "side":"sell",
    "size":"3.37",
    "price":"1753.44",
    "source":"0",
    "tradeId":"4077538611",
    "timestamp":"1783592481752"
  },
  {
    "inst_id":"ETH-USDT-SWAP",
    "side":"sell",
    "size":"0.08",
    "price":"1753.44",
    "source":"0",
    "tradeId":"4077538610",
    "timestamp":"1783592481230"
  },
  {
    "inst_id":"ETH-USDT-SWAP",
    "side":"sell",
    "size":"0.01",
    "price":"1753.44",
    "source":"0",
    "tradeId":"4077538609",
    "timestamp":"1783592480729"
  },
  {
    "inst_id":"ETH-USDT-SWAP",
    "side":"buy",
    "size":"28.73",
    "price":"1753.45",
    "source":"0",
    "tradeId":"4077538608",
    "timestamp":"1783592479740"
  },
  {
    "inst_id":"ETH-USDT-SWAP",
    "side":"buy",
    "size":"21.53",
    "price":"1753.45",
    "source":"0",
    "tradeId":"4077538607",
    "timestamp":"1783592479675"
  },
  {
    "inst_id":"ETH-USDT-SWAP",
    "side":"sell",
    "size":"0.46",
    "price":"1753.44",
    "source":"0",
    "tradeId":"4077538606",
    "timestamp":"1783592479593"
  },
  {
    "inst_id":"ETH-USDT-SWAP",
    "side":"sell",
    "size":"0.01",
    "price":"1753.44",
    "source":"0",
    "tradeId":"4077538605",
    "timestamp":"1783592479593"
  },
  {
    "inst_id":"ETH-USDT-SWAP",
    "side":"buy",
    "size":"0.02",
    "price":"1753.45",
    "source":"0",
    "tradeId":"4077538604",
    "timestamp":"1783592479226"
  },
  {
    "inst_id":"ETH-USDT-SWAP",
    "side":"sell",
    "size":"0.03",
    "price":"1753.46",
    "source":"0",
    "tradeId":"4077538603",
    "timestamp":"1783592478960"
  },
  {
    "inst_id":"ETH-USDT-SWAP",
    "side":"sell",
    "size":"0.43",
    "price":"1753.47",
    "source":"0",
    "tradeId":"4077538602",
    "timestamp":"1783592478960"
  },
  {
    "inst_id":"ETH-USDT-SWAP",
    "side":"sell",
    "size":"0.29",
    "price":"1753.47",
    "source":"0",
    "tradeId":"4077538601",
    "timestamp":"1783592478960"
  },
  {
    "inst_id":"ETH-USDT-SWAP",
    "side":"sell",
    "size":"0.03",
    "price":"1753.47",
    "source":"0",
    "tradeId":"4077538600",
    "timestamp":"1783592478960"
  },
  {
    "inst_id":"ETH-USDT-SWAP",
    "side":"sell",
    "size":"0.01",
    "price":"1753.47",
    "source":"0",
    "tradeId":"4077538599",
    "timestamp":"1783592478960"
  },
  {
    "inst_id":"ETH-USDT-SWAP",
    "side":"sell",
    "size":"0.01",
    "price":"1753.47",
    "source":"0",
    "tradeId":"4077538598",
    "timestamp":"1783592478960"
  },
  {
    "inst_id":"ETH-USDT-SWAP",
    "side":"sell",
    "size":"0.03",
    "price":"1753.48",
    "source":"0",
    "tradeId":"4077538597",
    "timestamp":"1783592478954"
  },
  {
    "inst_id":"ETH-USDT-SWAP",
    "side":"sell",
    "size":"0.6",
    "price":"1753.48",
    "source":"0",
    "tradeId":"4077538596",
    "timestamp":"1783592478954"
  },
  {
    "inst_id":"ETH-USDT-SWAP",
    "side":"sell",
    "size":"0.03",
    "price":"1753.48",
    "source":"0",
    "tradeId":"4077538595",
    "timestamp":"1783592478954"
  },
  {
    "inst_id":"ETH-USDT-SWAP",
    "side":"sell",
    "size":"0.01",
    "price":"1753.48",
    "source":"0",
    "tradeId":"4077538594",
    "timestamp":"1783592478954"
  },
  {
    "inst_id":"ETH-USDT-SWAP",
    "side":"sell",
    "size":"0.04",
    "price":"1753.48",
    "source":"0",
    "tradeId":"4077538593",
    "timestamp":"1783592478913"
  },
  {
    "inst_id":"ETH-USDT-SWAP",
    "side":"sell",
    "size":"0.44",
    "price":"1753.48",
    "source":"0",
    "tradeId":"4077538592",
    "timestamp":"1783592478912"
  },
  {
    "inst_id":"ETH-USDT-SWAP",
    "side":"sell",
    "size":"0.15",
    "price":"1753.48",
    "source":"0",
    "tradeId":"4077538591",
    "timestamp":"1783592478911"
  },
  {
    "inst_id":"ETH-USDT-SWAP",
    "side":"sell",
    "size":"0.17",
    "price":"1753.48",
    "source":"0",
    "tradeId":"4077538590",
    "timestamp":"1783592478911"
  },
  {
    "inst_id":"ETH-USDT-SWAP",
    "side":"sell",
    "size":"0.34",
    "price":"1753.48",
    "source":"0",
    "tradeId":"4077538589",
    "timestamp":"1783592478911"
  },
  {
    "inst_id":"ETH-USDT-SWAP",
    "side":"sell",
    "size":"0.34",
    "price":"1753.48",
    "source":"0",
    "tradeId":"4077538588",
    "timestamp":"1783592478911"
  },
  {
    "inst_id":"ETH-USDT-SWAP",
    "side":"sell",
    "size":"0.18",
    "price":"1753.48",
    "source":"0",
    "tradeId":"4077538587",
    "timestamp":"1783592478911"
  },
  {
    "inst_id":"ETH-USDT-SWAP",
    "side":"sell",
    "size":"0.03",
    "price":"1753.48",
    "source":"0",
    "tradeId":"4077538586",
    "timestamp":"1783592478911"
  },
  {
    "inst_id":"ETH-USDT-SWAP",
    "side":"sell",
    "size":"0.06",
    "price":"1753.49",
    "source":"0",
    "tradeId":"4077538585",
    "timestamp":"1783592478911"
  },
  {
    "inst_id":"ETH-USDT-SWAP",
    "side":"sell",
    "size":"0.03",
    "price":"1753.49",
    "source":"0",
    "tradeId":"4077538584",
    "timestamp":"1783592478911"
  },
  {
    "inst_id":"ETH-USDT-SWAP",
    "side":"sell",
    "size":"0.02",
    "price":"1753.49",
    "source":"0",
    "tradeId":"4077538583",
    "timestamp":"1783592478911"
  },
  {
    "inst_id":"ETH-USDT-SWAP",
    "side":"sell",
    "size":"0.01",
    "price":"1753.51",
    "source":"0",
    "tradeId":"4077538582",
    "timestamp":"1783592478911"
  },
  {
    "inst_id":"ETH-USDT-SWAP",
    "side":"sell",
    "size":"0.01",
    "price":"1753.51",
    "source":"0",
    "tradeId":"4077538581",
    "timestamp":"1783592478911"
  },
  {
    "inst_id":"ETH-USDT-SWAP",
    "side":"sell",
    "size":"2.85",
    "price":"1753.54",
    "source":"0",
    "tradeId":"4077538580",
    "timestamp":"1783592478906"
  },
  {
    "inst_id":"ETH-USDT-SWAP",
    "side":"sell",
    "size":"0.67",
    "price":"1753.54",
    "source":"0",
    "tradeId":"4077538579",
    "timestamp":"1783592478906"
  },
  {
    "inst_id":"ETH-USDT-SWAP",
    "side":"sell",
    "size":"0.02",
    "price":"1753.54",
    "source":"0",
    "tradeId":"4077538578",
    "timestamp":"1783592478906"
  },
  {
    "inst_id":"ETH-USDT-SWAP",
    "side":"sell",
    "size":"0.07",
    "price":"1753.54",
    "source":"0",
    "tradeId":"4077538577",
    "timestamp":"1783592478906"
  },
  {
    "inst_id":"ETH-USDT-SWAP",
    "side":"sell",
    "size":"0.34",
    "price":"1753.54",
    "source":"0",
    "tradeId":"4077538576",
    "timestamp":"1783592478906"
  },
  {
    "inst_id":"ETH-USDT-SWAP",
    "side":"sell",
    "size":"0.12",
    "price":"1753.54",
    "source":"0",
    "tradeId":"4077538575",
    "timestamp":"1783592478906"
  },
  {
    "inst_id":"ETH-USDT-SWAP",
    "side":"sell",
    "size":"0.11",
    "price":"1753.54",
    "source":"0",
    "tradeId":"4077538574",
    "timestamp":"1783592478906"
  },
  {
    "inst_id":"ETH-USDT-SWAP",
    "side":"sell",
    "size":"0.01",
    "price":"1753.54",
    "source":"0",
    "tradeId":"4077538573",
    "timestamp":"1783592478906"
  },
  {
    "inst_id":"ETH-USDT-SWAP",
    "side":"sell",
    "size":"0.02",
    "price":"1753.54",
    "source":"0",
    "tradeId":"4077538572",
    "timestamp":"1783592478906"
  },
  {
    "inst_id":"ETH-USDT-SWAP",
    "side":"sell",
    "size":"45.66",
    "price":"1753.54",
    "source":"0",
    "tradeId":"4077538571",
    "timestamp":"1783592478906"
  },
  {
    "inst_id":"ETH-USDT-SWAP",
    "side":"sell",
    "size":"0.01",
    "price":"1753.54",
    "source":"0",
    "tradeId":"4077538570",
    "timestamp":"1783592478906"
  },
  {
    "inst_id":"ETH-USDT-SWAP",
    "side":"sell",
    "size":"0.01",
    "price":"1753.54",
    "source":"0",
    "tradeId":"4077538569",
    "timestamp":"1783592478906"
  },
  {
    "inst_id":"ETH-USDT-SWAP",
    "side":"sell",
    "size":"0.03",
    "price":"1753.54",
    "source":"0",
    "tradeId":"4077538568",
    "timestamp":"1783592478906"
  },
  {
    "inst_id":"ETH-USDT-SWAP",
    "side":"sell",
    "size":"0.03",
    "price":"1753.54",
    "source":"0",
    "tradeId":"4077538567",
    "timestamp":"1783592478906"
  },
  {
    "inst_id":"ETH-USDT-SWAP",
    "side":"sell",
    "size":"0.01",
    "price":"1753.54",
    "source":"0",
    "tradeId":"4077538566",
    "timestamp":"1783592478906"
  },
  {
    "inst_id":"ETH-USDT-SWAP",
    "side":"buy",
    "size":"14.96",
    "price":"1753.55",
    "source":"0",
    "tradeId":"4077538565",
    "timestamp":"1783592477802"
  },
  {
    "inst_id":"ETH-USDT-SWAP",
    "side":"sell",
    "size":"67.93",
    "price":"1753.54",
    "source":"0",
    "tradeId":"4077538564",
    "timestamp":"1783592477074"
  },
  {
    "inst_id":"ETH-USDT-SWAP",
    "side":"buy",
    "size":"6.76",
    "price":"1753.55",
    "source":"0",
    "tradeId":"4077538563",
    "timestamp":"1783592476972"
  },
  {
    "inst_id":"ETH-USDT-SWAP",
    "side":"buy",
    "size":"0.03",
    "price":"1753.55",
    "source":"0",
    "tradeId":"4077538562",
    "timestamp":"1783592476972"
  },
  {
    "inst_id":"ETH-USDT-SWAP",
    "side":"sell",
    "size":"0.5",
    "price":"1753.38",
    "source":"0",
    "tradeId":"4077538661",
    "timestamp":"1783592486138"
  },
  {
    "inst_id":"ETH-USDT-SWAP",
    "side":"sell",
    "size":"0.03",
    "price":"1753.38",
    "source":"0",
    "tradeId":"4077538660",
    "timestamp":"1783592486138"
  },
  {
    "inst_id":"ETH-USDT-SWAP",
    "side":"sell",
    "size":"0.01",
    "price":"1753.38",
    "source":"0",
    "tradeId":"4077538659",
    "timestamp":"1783592486138"
  },
  {
    "inst_id":"ETH-USDT-SWAP",
    "side":"sell",
    "size":"0.03",
    "price":"1753.38",
    "source":"0",
    "tradeId":"4077538658",
    "timestamp":"1783592486138"
  },
  {
    "inst_id":"ETH-USDT-SWAP",
    "side":"buy",
    "size":"10.25",
    "price":"1753.39",
    "source":"0",
    "tradeId":"4077538657",
    "timestamp":"1783592485809"
  },
  {
    "inst_id":"ETH-USDT-SWAP",
    "side":"buy",
    "size":"10",
    "price":"1753.39",
    "source":"0",
    "tradeId":"4077538656",
    "timestamp":"1783592485573"
  },
  {
    "inst_id":"ETH-USDT-SWAP",
    "side":"buy",
    "size":"11.45",
    "price":"1753.39",
    "source":"0",
    "tradeId":"4077538655",
    "timestamp":"1783592485518"
  },
  {
    "inst_id":"ETH-USDT-SWAP",
    "side":"sell",
    "size":"1.14",
    "price":"1753.39",
    "source":"0",
    "tradeId":"4077538654",
    "timestamp":"1783592485477"
  },
  {
    "inst_id":"ETH-USDT-SWAP",
    "side":"sell",
    "size":"0.03",
    "price":"1753.39",
    "source":"0",
    "tradeId":"4077538653",
    "timestamp":"1783592485477"
  },
  {
    "inst_id":"ETH-USDT-SWAP",
    "side":"sell",
    "size":"0.02",
    "price":"1753.4",
    "source":"0",
    "tradeId":"4077538652",
    "timestamp":"1783592485477"
  },
  {
    "inst_id":"ETH-USDT-SWAP",
    "side":"sell",
    "size":"0.03",
    "price":"1753.4",
    "source":"0",
    "tradeId":"4077538651",
    "timestamp":"1783592485477"
  },
  {
    "inst_id":"ETH-USDT-SWAP",
    "side":"sell",
    "size":"0.03",
    "price":"1753.41",
    "source":"0",
    "tradeId":"4077538650",
    "timestamp":"1783592485477"
  },
  {
    "inst_id":"ETH-USDT-SWAP",
    "side":"sell",
    "size":"0.27",
    "price":"1753.43",
    "source":"0",
    "tradeId":"4077538649",
    "timestamp":"1783592485477"
  },
  {
    "inst_id":"ETH-USDT-SWAP",
    "side":"sell",
    "size":"0.01",
    "price":"1753.43",
    "source":"0",
    "tradeId":"4077538648",
    "timestamp":"1783592485477"
  },
  {
    "inst_id":"ETH-USDT-SWAP",
    "side":"sell",
    "size":"0.4",
    "price":"1753.44",
    "source":"0",
    "tradeId":"4077538647",
    "timestamp":"1783592485477"
  },
  {
    "inst_id":"ETH-USDT-SWAP",
    "side":"sell",
    "size":"2.85",
    "price":"1753.44",
    "source":"0",
    "tradeId":"4077538646",
    "timestamp":"1783592485477"
  },
  {
    "inst_id":"ETH-USDT-SWAP",
    "side":"sell",
    "size":"0.54",
    "price":"1753.44",
    "source":"0",
    "tradeId":"4077538645",
    "timestamp":"1783592485477"
  },
  {
    "inst_id":"ETH-USDT-SWAP",
    "side":"sell",
    "size":"0.54",
    "price":"1753.44",
    "source":"0",
    "tradeId":"4077538644",
    "timestamp":"1783592485477"
  },
  {
    "inst_id":"ETH-USDT-SWAP",
    "side":"sell",
    "size":"0.01",
    "price":"1753.44",
    "source":"0",
    "tradeId":"4077538643",
    "timestamp":"1783592485477"
  },
  {
    "inst_id":"ETH-USDT-SWAP",
    "side":"sell",
    "size":"0.01",
    "price":"1753.44",
    "source":"0",
    "tradeId":"4077538642",
    "timestamp":"1783592485477"
  },
  {
    "inst_id":"ETH-USDT-SWAP",
    "side":"sell",
    "size":"0.01",
    "price":"1753.44",
    "source":"0",
    "tradeId":"4077538641",
    "timestamp":"1783592485477"
  },
  {
    "inst_id":"ETH-USDT-SWAP",
    "side":"sell",
    "size":"0.01",
    "price":"1753.44",
    "source":"0",
    "tradeId":"4077538640",
    "timestamp":"1783592485477"
  },
  {
    "inst_id":"ETH-USDT-SWAP",
    "side":"sell",
    "size":"6.25",
    "price":"1753.44",
    "source":"0",
    "tradeId":"4077538639",
    "timestamp":"1783592485477"
  },
  {
    "inst_id":"ETH-USDT-SWAP",
    "side":"sell",
    "size":"0.03",
    "price":"1753.44",
    "source":"0",
    "tradeId":"4077538638",
    "timestamp":"1783592485477"
  },
  {
    "inst_id":"ETH-USDT-SWAP",
    "side":"sell",
    "size":"0.52",
    "price":"1753.44",
    "source":"0",
    "tradeId":"4077538637",
    "timestamp":"1783592485477"
  },
  {
    "inst_id":"ETH-USDT-SWAP",
    "side":"sell",
    "size":"45.66",
    "price":"1753.44",
    "source":"0",
    "tradeId":"4077538636",
    "timestamp":"1783592485477"
  },
  {
    "inst_id":"ETH-USDT-SWAP",
    "side":"sell",
    "size":"0.01",
    "price":"1753.44",
    "source":"0",
    "tradeId":"4077538635",
    "timestamp":"1783592485477"
  },
  {
    "inst_id":"ETH-USDT-SWAP",
    "side":"sell",
    "size":"0.01",
    "price":"1753.44",
    "source":"0",
    "tradeId":"4077538634",
    "timestamp":"1783592485477"
  },
  {
    "inst_id":"ETH-USDT-SWAP",
    "side":"sell",
    "size":"0.01",
    "price":"1753.44",
    "source":"0",
    "tradeId":"4077538633",
    "timestamp":"1783592485477"
  },
  {
    "inst_id":"ETH-USDT-SWAP",
    "side":"sell",
    "size":"0.03",
    "price":"1753.44",
    "source":"0",
    "tradeId":"4077538632",
    "timestamp":"1783592485477"
  },
  {
    "inst_id":"ETH-USDT-SWAP",
    "side":"sell",
    "size":"0.03",
    "price":"1753.44",
    "source":"0",
    "tradeId":"4077538631",
    "timestamp":"1783592485477"
  },
  {
    "inst_id":"ETH-USDT-SWAP",
    "side":"sell",
    "size":"0.03",
    "price":"1753.44",
    "source":"0",
    "tradeId":"4077538630",
    "timestamp":"1783592485477"
  },
  {
    "inst_id":"ETH-USDT-SWAP",
    "side":"sell",
    "size":"0.03",
    "price":"1753.44",
    "source":"0",
    "tradeId":"4077538629",
    "timestamp":"1783592485477"
  },
  {
    "inst_id":"ETH-USDT-SWAP",
    "side":"sell",
    "size":"0.03",
    "price":"1753.44",
    "source":"0",
    "tradeId":"4077538628",
    "timestamp":"1783592485477"
  },
  {
    "inst_id":"ETH-USDT-SWAP",
    "side":"sell",
    "size":"0.03",
    "price":"1753.44",
    "source":"0",
    "tradeId":"4077538627",
    "timestamp":"1783592485477"
  },
  {
    "inst_id":"ETH-USDT-SWAP",
    "side":"sell",
    "size":"0.03",
    "price":"1753.44",
    "source":"0",
    "tradeId":"4077538626",
    "timestamp":"1783592485477"
  },
  {
    "inst_id":"ETH-USDT-SWAP",
    "side":"sell",
    "size":"0.03",
    "price":"1753.44",
    "source":"0",
    "tradeId":"4077538625",
    "timestamp":"1783592485477"
  },
  {
    "inst_id":"ETH-USDT-SWAP",
    "side":"sell",
    "size":"0.03",
    "price":"1753.44",
    "source":"0",
    "tradeId":"4077538624",
    "timestamp":"1783592485477"
  },
  {
    "inst_id":"ETH-USDT-SWAP",
    "side":"buy",
    "size":"0.01",
    "price":"1753.45",
    "source":"0",
    "tradeId":"4077538623",
    "timestamp":"1783592485410"
  },
  {
    "inst_id":"ETH-USDT-SWAP",
    "side":"buy",
    "size":"0.01",
    "price":"1753.45",
    "source":"0",
    "tradeId":"4077538622",
    "timestamp":"1783592484462"
  },
  {
    "inst_id":"ETH-USDT-SWAP",
    "side":"buy",
    "size":"0.01",
    "price":"1753.45",
    "source":"0",
    "tradeId":"4077538621",
    "timestamp":"1783592483807"
  },
  {
    "inst_id":"ETH-USDT-SWAP",
    "side":"sell",
    "size":"13.81",
    "price":"1753.44",
    "source":"0",
    "tradeId":"4077538620",
    "timestamp":"1783592483291"
  },
  {
    "inst_id":"ETH-USDT-SWAP",
    "side":"sell",
    "size":"0.48",
    "price":"1753.44",
    "source":"0",
    "tradeId":"4077538619",
    "timestamp":"1783592483177"
  },
  {
    "inst_id":"ETH-USDT-SWAP",
    "side":"sell",
    "size":"0.03",
    "price":"1753.44",
    "source":"0",
    "tradeId":"4077538618",
    "timestamp":"1783592483177"
  },
  {
    "inst_id":"ETH-USDT-SWAP",
    "side":"sell",
    "size":"0.48",
    "price":"1753.44",
    "source":"0",
    "tradeId":"4077538617",
    "timestamp":"1783592483177"
  },
  {
    "inst_id":"ETH-USDT-SWAP",
    "side":"buy",
    "size":"1",
    "price":"1753.45",
    "source":"0",
    "tradeId":"4077538616",
    "timestamp":"1783592482673"
  },
  {
    "inst_id":"ETH-USDT-SWAP",
    "side":"buy",
    "size":"4.55",
    "price":"1753.45",
    "source":"0",
    "tradeId":"4077538615",
    "timestamp":"1783592482255"
  },
  {
    "inst_id":"ETH-USDT-SWAP",
    "side":"buy",
    "size":"2",
    "price":"1753.45",
    "source":"0",
    "tradeId":"4077538614",
    "timestamp":"1783592482122"
  },
  {
    "inst_id":"ETH-USDT-SWAP",
    "side":"buy",
    "size":"1.5",
    "price":"1753.45",
    "source":"0",
    "tradeId":"4077538613",
    "timestamp":"1783592481985"
  },
  {
    "inst_id":"ETH-USDT-SWAP",
    "side":"sell",
    "size":"2",
    "price":"1753.44",
    "source":"0",
    "tradeId":"4077538612",
    "timestamp":"1783592481778"
  },
  {
    "inst_id":"ETH-USDT-SWAP",
    "side":"sell",
    "size":"3.37",
    "price":"1753.44",
    "source":"0",
    "tradeId":"4077538611",
    "timestamp":"1783592481752"
  },
  {
    "inst_id":"ETH-USDT-SWAP",
    "side":"sell",
    "size":"0.08",
    "price":"1753.44",
    "source":"0",
    "tradeId":"4077538610",
    "timestamp":"1783592481230"
  },
  {
    "inst_id":"ETH-USDT-SWAP",
    "side":"sell",
    "size":"0.01",
    "price":"1753.44",
    "source":"0",
    "tradeId":"4077538609",
    "timestamp":"1783592480729"
  },
  {
    "inst_id":"ETH-USDT-SWAP",
    "side":"buy",
    "size":"28.73",
    "price":"1753.45",
    "source":"0",
    "tradeId":"4077538608",
    "timestamp":"1783592479740"
  },
  {
    "inst_id":"ETH-USDT-SWAP",
    "side":"buy",
    "size":"21.53",
    "price":"1753.45",
    "source":"0",
    "tradeId":"4077538607",
    "timestamp":"1783592479675"
  },
  {
    "inst_id":"ETH-USDT-SWAP",
    "side":"sell",
    "size":"0.46",
    "price":"1753.44",
    "source":"0",
    "tradeId":"4077538606",
    "timestamp":"1783592479593"
  },
  {
    "inst_id":"ETH-USDT-SWAP",
    "side":"sell",
    "size":"0.01",
    "price":"1753.44",
    "source":"0",
    "tradeId":"4077538605",
    "timestamp":"1783592479593"
  },
  {
    "inst_id":"ETH-USDT-SWAP",
    "side":"buy",
    "size":"0.02",
    "price":"1753.45",
    "source":"0",
    "tradeId":"4077538604",
    "timestamp":"1783592479226"
  },
  {
    "inst_id":"ETH-USDT-SWAP",
    "side":"sell",
    "size":"0.03",
    "price":"1753.46",
    "source":"0",
    "tradeId":"4077538603",
    "timestamp":"1783592478960"
  },
  {
    "inst_id":"ETH-USDT-SWAP",
    "side":"sell",
    "size":"0.43",
    "price":"1753.47",
    "source":"0",
    "tradeId":"4077538602",
    "timestamp":"1783592478960"
  },
  {
    "inst_id":"ETH-USDT-SWAP",
    "side":"sell",
    "size":"0.29",
    "price":"1753.47",
    "source":"0",
    "tradeId":"4077538601",
    "timestamp":"1783592478960"
  },
  {
    "inst_id":"ETH-USDT-SWAP",
    "side":"sell",
    "size":"0.03",
    "price":"1753.47",
    "source":"0",
    "tradeId":"4077538600",
    "timestamp":"1783592478960"
  },
  {
    "inst_id":"ETH-USDT-SWAP",
    "side":"sell",
    "size":"0.01",
    "price":"1753.47",
    "source":"0",
    "tradeId":"4077538599",
    "timestamp":"1783592478960"
  },
  {
    "inst_id":"ETH-USDT-SWAP",
    "side":"sell",
    "size":"0.01",
    "price":"1753.47",
    "source":"0",
    "tradeId":"4077538598",
    "timestamp":"1783592478960"
  },
  {
    "inst_id":"ETH-USDT-SWAP",
    "side":"sell",
    "size":"0.03",
    "price":"1753.48",
    "source":"0",
    "tradeId":"4077538597",
    "timestamp":"1783592478954"
  },
  {
    "inst_id":"ETH-USDT-SWAP",
    "side":"sell",
    "size":"0.6",
    "price":"1753.48",
    "source":"0",
    "tradeId":"4077538596",
    "timestamp":"1783592478954"
  },
  {
    "inst_id":"ETH-USDT-SWAP",
    "side":"sell",
    "size":"0.03",
    "price":"1753.48",
    "source":"0",
    "tradeId":"4077538595",
    "timestamp":"1783592478954"
  },
  {
    "inst_id":"ETH-USDT-SWAP",
    "side":"sell",
    "size":"0.01",
    "price":"1753.48",
    "source":"0",
    "tradeId":"4077538594",
    "timestamp":"1783592478954"
  },
  {
    "inst_id":"ETH-USDT-SWAP",
    "side":"sell",
    "size":"0.04",
    "price":"1753.48",
    "source":"0",
    "tradeId":"4077538593",
    "timestamp":"1783592478913"
  },
  {
    "inst_id":"ETH-USDT-SWAP",
    "side":"sell",
    "size":"0.44",
    "price":"1753.48",
    "source":"0",
    "tradeId":"4077538592",
    "timestamp":"1783592478912"
  },
  {
    "inst_id":"ETH-USDT-SWAP",
    "side":"sell",
    "size":"0.15",
    "price":"1753.48",
    "source":"0",
    "tradeId":"4077538591",
    "timestamp":"1783592478911"
  },
  {
    "inst_id":"ETH-USDT-SWAP",
    "side":"sell",
    "size":"0.17",
    "price":"1753.48",
    "source":"0",
    "tradeId":"4077538590",
    "timestamp":"1783592478911"
  },
  {
    "inst_id":"ETH-USDT-SWAP",
    "side":"sell",
    "size":"0.34",
    "price":"1753.48",
    "source":"0",
    "tradeId":"4077538589",
    "timestamp":"1783592478911"
  },
  {
    "inst_id":"ETH-USDT-SWAP",
    "side":"sell",
    "size":"0.34",
    "price":"1753.48",
    "source":"0",
    "tradeId":"4077538588",
    "timestamp":"1783592478911"
  },
  {
    "inst_id":"ETH-USDT-SWAP",
    "side":"sell",
    "size":"0.18",
    "price":"1753.48",
    "source":"0",
    "tradeId":"4077538587",
    "timestamp":"1783592478911"
  },
  {
    "inst_id":"ETH-USDT-SWAP",
    "side":"sell",
    "size":"0.03",
    "price":"1753.48",
    "source":"0",
    "tradeId":"4077538586",
    "timestamp":"1783592478911"
  },
  {
    "inst_id":"ETH-USDT-SWAP",
    "side":"sell",
    "size":"0.06",
    "price":"1753.49",
    "source":"0",
    "tradeId":"4077538585",
    "timestamp":"1783592478911"
  },
  {
    "inst_id":"ETH-USDT-SWAP",
    "side":"sell",
    "size":"0.03",
    "price":"1753.49",
    "source":"0",
    "tradeId":"4077538584",
    "timestamp":"1783592478911"
  },
  {
    "inst_id":"ETH-USDT-SWAP",
    "side":"sell",
    "size":"0.02",
    "price":"1753.49",
    "source":"0",
    "tradeId":"4077538583",
    "timestamp":"1783592478911"
  },
  {
    "inst_id":"ETH-USDT-SWAP",
    "side":"sell",
    "size":"0.01",
    "price":"1753.51",
    "source":"0",
    "tradeId":"4077538582",
    "timestamp":"1783592478911"
  },
  {
    "inst_id":"ETH-USDT-SWAP",
    "side":"sell",
    "size":"0.01",
    "price":"1753.51",
    "source":"0",
    "tradeId":"4077538581",
    "timestamp":"1783592478911"
  },
  {
    "inst_id":"ETH-USDT-SWAP",
    "side":"sell",
    "size":"2.85",
    "price":"1753.54",
    "source":"0",
    "tradeId":"4077538580",
    "timestamp":"1783592478906"
  },
  {
    "inst_id":"ETH-USDT-SWAP",
    "side":"sell",
    "size":"0.67",
    "price":"1753.54",
    "source":"0",
    "tradeId":"4077538579",
    "timestamp":"1783592478906"
  },
  {
    "inst_id":"ETH-USDT-SWAP",
    "side":"sell",
    "size":"0.02",
    "price":"1753.54",
    "source":"0",
    "tradeId":"4077538578",
    "timestamp":"1783592478906"
  },
  {
    "inst_id":"ETH-USDT-SWAP",
    "side":"sell",
    "size":"0.07",
    "price":"1753.54",
    "source":"0",
    "tradeId":"4077538577",
    "timestamp":"1783592478906"
  },
  {
    "inst_id":"ETH-USDT-SWAP",
    "side":"sell",
    "size":"0.34",
    "price":"1753.54",
    "source":"0",
    "tradeId":"4077538576",
    "timestamp":"1783592478906"
  },
  {
    "inst_id":"ETH-USDT-SWAP",
    "side":"sell",
    "size":"0.12",
    "price":"1753.54",
    "source":"0",
    "tradeId":"4077538575",
    "timestamp":"1783592478906"
  },
  {
    "inst_id":"ETH-USDT-SWAP",
    "side":"sell",
    "size":"0.11",
    "price":"1753.54",
    "source":"0",
    "tradeId":"4077538574",
    "timestamp":"1783592478906"
  },
  {
    "inst_id":"ETH-USDT-SWAP",
    "side":"sell",
    "size":"0.01",
    "price":"1753.54",
    "source":"0",
    "tradeId":"4077538573",
    "timestamp":"1783592478906"
  },
  {
    "inst_id":"ETH-USDT-SWAP",
    "side":"sell",
    "size":"0.02",
    "price":"1753.54",
    "source":"0",
    "tradeId":"4077538572",
    "timestamp":"1783592478906"
  },
  {
    "inst_id":"ETH-USDT-SWAP",
    "side":"sell",
    "size":"45.66",
    "price":"1753.54",
    "source":"0",
    "tradeId":"4077538571",
    "timestamp":"1783592478906"
  },
  {
    "inst_id":"ETH-USDT-SWAP",
    "side":"sell",
    "size":"0.01",
    "price":"1753.54",
    "source":"0",
    "tradeId":"4077538570",
    "timestamp":"1783592478906"
  },
  {
    "inst_id":"ETH-USDT-SWAP",
    "side":"sell",
    "size":"0.01",
    "price":"1753.54",
    "source":"0",
    "tradeId":"4077538569",
    "timestamp":"1783592478906"
  },
  {
    "inst_id":"ETH-USDT-SWAP",
    "side":"sell",
    "size":"0.03",
    "price":"1753.54",
    "source":"0",
    "tradeId":"4077538568",
    "timestamp":"1783592478906"
  },
  {
    "inst_id":"ETH-USDT-SWAP",
    "side":"sell",
    "size":"0.03",
    "price":"1753.54",
    "source":"0",
    "tradeId":"4077538567",
    "timestamp":"1783592478906"
  },
  {
    "inst_id":"ETH-USDT-SWAP",
    "side":"sell",
    "size":"0.01",
    "price":"1753.54",
    "source":"0",
    "tradeId":"4077538566",
    "timestamp":"1783592478906"
  },
  {
    "inst_id":"ETH-USDT-SWAP",
    "side":"buy",
    "size":"14.96",
    "price":"1753.55",
    "source":"0",
    "tradeId":"4077538565",
    "timestamp":"1783592477802"
  },
  {
    "inst_id":"ETH-USDT-SWAP",
    "side":"sell",
    "size":"67.93",
    "price":"1753.54",
    "source":"0",
    "tradeId":"4077538564",
    "timestamp":"1783592477074"
  },
  {
    "inst_id":"ETH-USDT-SWAP",
    "side":"buy",
    "size":"6.76",
    "price":"1753.55",
    "source":"0",
    "tradeId":"4077538563",
    "timestamp":"1783592476972"
  },
  {
    "inst_id":"ETH-USDT-SWAP",
    "side":"buy",
    "size":"0.03",
    "price":"1753.55",
    "source":"0",
    "tradeId":"4077538562",
    "timestamp":"1783592476972"
  },
  {
    "inst_id":"ETH-USDT-SWAP",
    "side":"sell",
    "size":"0.5",
    "price":"1753.38",
    "source":"0",
    "tradeId":"4077538661",
    "timestamp":"1783592486138"
  },
  {
    "inst_id":"ETH-USDT-SWAP",
    "side":"sell",
    "size":"0.03",
    "price":"1753.38",
    "source":"0",
    "tradeId":"4077538660",
    "timestamp":"1783592486138"
  },
  {
    "inst_id":"ETH-USDT-SWAP",
    "side":"sell",
    "size":"0.01",
    "price":"1753.38",
    "source":"0",
    "tradeId":"4077538659",
    "timestamp":"1783592486138"
  },
  {
    "inst_id":"ETH-USDT-SWAP",
    "side":"sell",
    "size":"0.03",
    "price":"1753.38",
    "source":"0",
    "tradeId":"4077538658",
    "timestamp":"1783592486138"
  },
  {
    "inst_id":"ETH-USDT-SWAP",
    "side":"buy",
    "size":"10.25",
    "price":"1753.39",
    "source":"0",
    "tradeId":"4077538657",
    "timestamp":"1783592485809"
  },
  {
    "inst_id":"ETH-USDT-SWAP",
    "side":"buy",
    "size":"10",
    "price":"1753.39",
    "source":"0",
    "tradeId":"4077538656",
    "timestamp":"1783592485573"
  },
  {
    "inst_id":"ETH-USDT-SWAP",
    "side":"buy",
    "size":"11.45",
    "price":"1753.39",
    "source":"0",
    "tradeId":"4077538655",
    "timestamp":"1783592485518"
  },
  {
    "inst_id":"ETH-USDT-SWAP",
    "side":"sell",
    "size":"1.14",
    "price":"1753.39",
    "source":"0",
    "tradeId":"4077538654",
    "timestamp":"1783592485477"
  },
  {
    "inst_id":"ETH-USDT-SWAP",
    "side":"sell",
    "size":"0.03",
    "price":"1753.39",
    "source":"0",
    "tradeId":"4077538653",
    "timestamp":"1783592485477"
  },
  {
    "inst_id":"ETH-USDT-SWAP",
    "side":"sell",
    "size":"0.02",
    "price":"1753.4",
    "source":"0",
    "tradeId":"4077538652",
    "timestamp":"1783592485477"
  },
  {
    "inst_id":"ETH-USDT-SWAP",
    "side":"sell",
    "size":"0.03",
    "price":"1753.4",
    "source":"0",
    "tradeId":"4077538651",
    "timestamp":"1783592485477"
  },
  {
    "inst_id":"ETH-USDT-SWAP",
    "side":"sell",
    "size":"0.03",
    "price":"1753.41",
    "source":"0",
    "tradeId":"4077538650",
    "timestamp":"1783592485477"
  },
  {
    "inst_id":"ETH-USDT-SWAP",
    "side":"sell",
    "size":"0.27",
    "price":"1753.43",
    "source":"0",
    "tradeId":"4077538649",
    "timestamp":"1783592485477"
  },
  {
    "inst_id":"ETH-USDT-SWAP",
    "side":"sell",
    "size":"0.01",
    "price":"1753.43",
    "source":"0",
    "tradeId":"4077538648",
    "timestamp":"1783592485477"
  },
  {
    "inst_id":"ETH-USDT-SWAP",
    "side":"sell",
    "size":"0.4",
    "price":"1753.44",
    "source":"0",
    "tradeId":"4077538647",
    "timestamp":"1783592485477"
  },
  {
    "inst_id":"ETH-USDT-SWAP",
    "side":"sell",
    "size":"2.85",
    "price":"1753.44",
    "source":"0",
    "tradeId":"4077538646",
    "timestamp":"1783592485477"
  },
  {
    "inst_id":"ETH-USDT-SWAP",
    "side":"sell",
    "size":"0.54",
    "price":"1753.44",
    "source":"0",
    "tradeId":"4077538645",
    "timestamp":"1783592485477"
  },
  {
    "inst_id":"ETH-USDT-SWAP",
    "side":"sell",
    "size":"0.54",
    "price":"1753.44",
    "source":"0",
    "tradeId":"4077538644",
    "timestamp":"1783592485477"
  },
  {
    "inst_id":"ETH-USDT-SWAP",
    "side":"sell",
    "size":"0.01",
    "price":"1753.44",
    "source":"0",
    "tradeId":"4077538643",
    "timestamp":"1783592485477"
  },
  {
    "inst_id":"ETH-USDT-SWAP",
    "side":"sell",
    "size":"0.01",
    "price":"1753.44",
    "source":"0",
    "tradeId":"4077538642",
    "timestamp":"1783592485477"
  },
  {
    "inst_id":"ETH-USDT-SWAP",
    "side":"sell",
    "size":"0.01",
    "price":"1753.44",
    "source":"0",
    "tradeId":"4077538641",
    "timestamp":"1783592485477"
  },
  {
    "inst_id":"ETH-USDT-SWAP",
    "side":"sell",
    "size":"0.01",
    "price":"1753.44",
    "source":"0",
    "tradeId":"4077538640",
    "timestamp":"1783592485477"
  },
  {
    "inst_id":"ETH-USDT-SWAP",
    "side":"sell",
    "size":"6.25",
    "price":"1753.44",
    "source":"0",
    "tradeId":"4077538639",
    "timestamp":"1783592485477"
  },
  {
    "inst_id":"ETH-USDT-SWAP",
    "side":"sell",
    "size":"0.03",
    "price":"1753.44",
    "source":"0",
    "tradeId":"4077538638",
    "timestamp":"1783592485477"
  },
  {
    "inst_id":"ETH-USDT-SWAP",
    "side":"sell",
    "size":"0.52",
    "price":"1753.44",
    "source":"0",
    "tradeId":"4077538637",
    "timestamp":"1783592485477"
  },
  {
    "inst_id":"ETH-USDT-SWAP",
    "side":"sell",
    "size":"45.66",
    "price":"1753.44",
    "source":"0",
    "tradeId":"4077538636",
    "timestamp":"1783592485477"
  },
  {
    "inst_id":"ETH-USDT-SWAP",
    "side":"sell",
    "size":"0.01",
    "price":"1753.44",
    "source":"0",
    "tradeId":"4077538635",
    "timestamp":"1783592485477"
  },
  {
    "inst_id":"ETH-USDT-SWAP",
    "side":"sell",
    "size":"0.01",
    "price":"1753.44",
    "source":"0",
    "tradeId":"4077538634",
    "timestamp":"1783592485477"
  },
  {
    "inst_id":"ETH-USDT-SWAP",
    "side":"sell",
    "size":"0.01",
    "price":"1753.44",
    "source":"0",
    "tradeId":"4077538633",
    "timestamp":"1783592485477"
  },
  {
    "inst_id":"ETH-USDT-SWAP",
    "side":"sell",
    "size":"0.03",
    "price":"1753.44",
    "source":"0",
    "tradeId":"4077538632",
    "timestamp":"1783592485477"
  },
  {
    "inst_id":"ETH-USDT-SWAP",
    "side":"sell",
    "size":"0.03",
    "price":"1753.44",
    "source":"0",
    "tradeId":"4077538631",
    "timestamp":"1783592485477"
  },
  {
    "inst_id":"ETH-USDT-SWAP",
    "side":"sell",
    "size":"0.03",
    "price":"1753.44",
    "source":"0",
    "tradeId":"4077538630",
    "timestamp":"1783592485477"
  },
  {
    "inst_id":"ETH-USDT-SWAP",
    "side":"sell",
    "size":"0.03",
    "price":"1753.44",
    "source":"0",
    "tradeId":"4077538629",
    "timestamp":"1783592485477"
  },
  {
    "inst_id":"ETH-USDT-SWAP",
    "side":"sell",
    "size":"0.03",
    "price":"1753.44",
    "source":"0",
    "tradeId":"4077538628",
    "timestamp":"1783592485477"
  },
  {
    "inst_id":"ETH-USDT-SWAP",
    "side":"sell",
    "size":"0.03",
    "price":"1753.44",
    "source":"0",
    "tradeId":"4077538627",
    "timestamp":"1783592485477"
  },
  {
    "inst_id":"ETH-USDT-SWAP",
    "side":"sell",
    "size":"0.03",
    "price":"1753.44",
    "source":"0",
    "tradeId":"4077538626",
    "timestamp":"1783592485477"
  },
  {
    "inst_id":"ETH-USDT-SWAP",
    "side":"sell",
    "size":"0.03",
    "price":"1753.44",
    "source":"0",
    "tradeId":"4077538625",
    "timestamp":"1783592485477"
  },
  {
    "inst_id":"ETH-USDT-SWAP",
    "side":"sell",
    "size":"0.03",
    "price":"1753.44",
    "source":"0",
    "tradeId":"4077538624",
    "timestamp":"1783592485477"
  },
  {
    "inst_id":"ETH-USDT-SWAP",
    "side":"buy",
    "size":"0.01",
    "price":"1753.45",
    "source":"0",
    "tradeId":"4077538623",
    "timestamp":"1783592485410"
  },
  {
    "inst_id":"ETH-USDT-SWAP",
    "side":"buy",
    "size":"0.01",
    "price":"1753.45",
    "source":"0",
    "tradeId":"4077538622",
    "timestamp":"1783592484462"
  },
  {
    "inst_id":"ETH-USDT-SWAP",
    "side":"buy",
    "size":"0.01",
    "price":"1753.45",
    "source":"0",
    "tradeId":"4077538621",
    "timestamp":"1783592483807"
  },
  {
    "inst_id":"ETH-USDT-SWAP",
    "side":"sell",
    "size":"13.81",
    "price":"1753.44",
    "source":"0",
    "tradeId":"4077538620",
    "timestamp":"1783592483291"
  },
  {
    "inst_id":"ETH-USDT-SWAP",
    "side":"sell",
    "size":"0.48",
    "price":"1753.44",
    "source":"0",
    "tradeId":"4077538619",
    "timestamp":"1783592483177"
  },
  {
    "inst_id":"ETH-USDT-SWAP",
    "side":"sell",
    "size":"0.03",
    "price":"1753.44",
    "source":"0",
    "tradeId":"4077538618",
    "timestamp":"1783592483177"
  },
  {
    "inst_id":"ETH-USDT-SWAP",
    "side":"sell",
    "size":"0.48",
    "price":"1753.44",
    "source":"0",
    "tradeId":"4077538617",
    "timestamp":"1783592483177"
  },
  {
    "inst_id":"ETH-USDT-SWAP",
    "side":"buy",
    "size":"1",
    "price":"1753.45",
    "source":"0",
    "tradeId":"4077538616",
    "timestamp":"1783592482673"
  },
  {
    "inst_id":"ETH-USDT-SWAP",
    "side":"buy",
    "size":"4.55",
    "price":"1753.45",
    "source":"0",
    "tradeId":"4077538615",
    "timestamp":"1783592482255"
  },
  {
    "inst_id":"ETH-USDT-SWAP",
    "side":"buy",
    "size":"2",
    "price":"1753.45",
    "source":"0",
    "tradeId":"4077538614",
    "timestamp":"1783592482122"
  },
  {
    "inst_id":"ETH-USDT-SWAP",
    "side":"buy",
    "size":"1.5",
    "price":"1753.45",
    "source":"0",
    "tradeId":"4077538613",
    "timestamp":"1783592481985"
  },
  {
    "inst_id":"ETH-USDT-SWAP",
    "side":"sell",
    "size":"2",
    "price":"1753.44",
    "source":"0",
    "tradeId":"4077538612",
    "timestamp":"1783592481778"
  },
  {
    "inst_id":"ETH-USDT-SWAP",
    "side":"sell",
    "size":"3.37",
    "price":"1753.44",
    "source":"0",
    "tradeId":"4077538611",
    "timestamp":"1783592481752"
  },
  {
    "inst_id":"ETH-USDT-SWAP",
    "side":"sell",
    "size":"0.08",
    "price":"1753.44",
    "source":"0",
    "tradeId":"4077538610",
    "timestamp":"1783592481230"
  },
  {
    "inst_id":"ETH-USDT-SWAP",
    "side":"sell",
    "size":"0.01",
    "price":"1753.44",
    "source":"0",
    "tradeId":"4077538609",
    "timestamp":"1783592480729"
  },
  {
    "inst_id":"ETH-USDT-SWAP",
    "side":"buy",
    "size":"28.73",
    "price":"1753.45",
    "source":"0",
    "tradeId":"4077538608",
    "timestamp":"1783592479740"
  },
  {
    "inst_id":"ETH-USDT-SWAP",
    "side":"buy",
    "size":"21.53",
    "price":"1753.45",
    "source":"0",
    "tradeId":"4077538607",
    "timestamp":"1783592479675"
  },
  {
    "inst_id":"ETH-USDT-SWAP",
    "side":"sell",
    "size":"0.46",
    "price":"1753.44",
    "source":"0",
    "tradeId":"4077538606",
    "timestamp":"1783592479593"
  },
  {
    "inst_id":"ETH-USDT-SWAP",
    "side":"sell",
    "size":"0.01",
    "price":"1753.44",
    "source":"0",
    "tradeId":"4077538605",
    "timestamp":"1783592479593"
  },
  {
    "inst_id":"ETH-USDT-SWAP",
    "side":"buy",
    "size":"0.02",
    "price":"1753.45",
    "source":"0",
    "tradeId":"4077538604",
    "timestamp":"1783592479226"
  },
  {
    "inst_id":"ETH-USDT-SWAP",
    "side":"sell",
    "size":"0.03",
    "price":"1753.46",
    "source":"0",
    "tradeId":"4077538603",
    "timestamp":"1783592478960"
  },
  {
    "inst_id":"ETH-USDT-SWAP",
    "side":"sell",
    "size":"0.43",
    "price":"1753.47",
    "source":"0",
    "tradeId":"4077538602",
    "timestamp":"1783592478960"
  },
  {
    "inst_id":"ETH-USDT-SWAP",
    "side":"sell",
    "size":"0.29",
    "price":"1753.47",
    "source":"0",
    "tradeId":"4077538601",
    "timestamp":"1783592478960"
  },
  {
    "inst_id":"ETH-USDT-SWAP",
    "side":"sell",
    "size":"0.03",
    "price":"1753.47",
    "source":"0",
    "tradeId":"4077538600",
    "timestamp":"1783592478960"
  },
  {
    "inst_id":"ETH-USDT-SWAP",
    "side":"sell",
    "size":"0.01",
    "price":"1753.47",
    "source":"0",
    "tradeId":"4077538599",
    "timestamp":"1783592478960"
  },
  {
    "inst_id":"ETH-USDT-SWAP",
    "side":"sell",
    "size":"0.01",
    "price":"1753.47",
    "source":"0",
    "tradeId":"4077538598",
    "timestamp":"1783592478960"
  },
  {
    "inst_id":"ETH-USDT-SWAP",
    "side":"sell",
    "size":"0.03",
    "price":"1753.48",
    "source":"0",
    "tradeId":"4077538597",
    "timestamp":"1783592478954"
  },
  {
    "inst_id":"ETH-USDT-SWAP",
    "side":"sell",
    "size":"0.6",
    "price":"1753.48",
    "source":"0",
    "tradeId":"4077538596",
    "timestamp":"1783592478954"
  },
  {
    "inst_id":"ETH-USDT-SWAP",
    "side":"sell",
    "size":"0.03",
    "price":"1753.48",
    "source":"0",
    "tradeId":"4077538595",
    "timestamp":"1783592478954"
  },
  {
    "inst_id":"ETH-USDT-SWAP",
    "side":"sell",
    "size":"0.01",
    "price":"1753.48",
    "source":"0",
    "tradeId":"4077538594",
    "timestamp":"1783592478954"
  },
  {
    "inst_id":"ETH-USDT-SWAP",
    "side":"sell",
    "size":"0.04",
    "price":"1753.48",
    "source":"0",
    "tradeId":"4077538593",
    "timestamp":"1783592478913"
  },
  {
    "inst_id":"ETH-USDT-SWAP",
    "side":"sell",
    "size":"0.44",
    "price":"1753.48",
    "source":"0",
    "tradeId":"4077538592",
    "timestamp":"1783592478912"
  },
  {
    "inst_id":"ETH-USDT-SWAP",
    "side":"sell",
    "size":"0.15",
    "price":"1753.48",
    "source":"0",
    "tradeId":"4077538591",
    "timestamp":"1783592478911"
  },
  {
    "inst_id":"ETH-USDT-SWAP",
    "side":"sell",
    "size":"0.17",
    "price":"1753.48",
    "source":"0",
    "tradeId":"4077538590",
    "timestamp":"1783592478911"
  },
  {
    "inst_id":"ETH-USDT-SWAP",
    "side":"sell",
    "size":"0.34",
    "price":"1753.48",
    "source":"0",
    "tradeId":"4077538589",
    "timestamp":"1783592478911"
  },
  {
    "inst_id":"ETH-USDT-SWAP",
    "side":"sell",
    "size":"0.34",
    "price":"1753.48",
    "source":"0",
    "tradeId":"4077538588",
    "timestamp":"1783592478911"
  },
  {
    "inst_id":"ETH-USDT-SWAP",
    "side":"sell",
    "size":"0.18",
    "price":"1753.48",
    "source":"0",
    "tradeId":"4077538587",
    "timestamp":"1783592478911"
  },
  {
    "inst_id":"ETH-USDT-SWAP",
    "side":"sell",
    "size":"0.03",
    "price":"1753.48",
    "source":"0",
    "tradeId":"4077538586",
    "timestamp":"1783592478911"
  },
  {
    "inst_id":"ETH-USDT-SWAP",
    "side":"sell",
    "size":"0.06",
    "price":"1753.49",
    "source":"0",
    "tradeId":"4077538585",
    "timestamp":"1783592478911"
  },
  {
    "inst_id":"ETH-USDT-SWAP",
    "side":"sell",
    "size":"0.03",
    "price":"1753.49",
    "source":"0",
    "tradeId":"4077538584",
    "timestamp":"1783592478911"
  },
  {
    "inst_id":"ETH-USDT-SWAP",
    "side":"sell",
    "size":"0.02",
    "price":"1753.49",
    "source":"0",
    "tradeId":"4077538583",
    "timestamp":"1783592478911"
  },
  {
    "inst_id":"ETH-USDT-SWAP",
    "side":"sell",
    "size":"0.01",
    "price":"1753.51",
    "source":"0",
    "tradeId":"4077538582",
    "timestamp":"1783592478911"
  },
  {
    "inst_id":"ETH-USDT-SWAP",
    "side":"sell",
    "size":"0.01",
    "price":"1753.51",
    "source":"0",
    "tradeId":"4077538581",
    "timestamp":"1783592478911"
  },
  {
    "inst_id":"ETH-USDT-SWAP",
    "side":"sell",
    "size":"2.85",
    "price":"1753.54",
    "source":"0",
    "tradeId":"4077538580",
    "timestamp":"1783592478906"
  },
  {
    "inst_id":"ETH-USDT-SWAP",
    "side":"sell",
    "size":"0.67",
    "price":"1753.54",
    "source":"0",
    "tradeId":"4077538579",
    "timestamp":"1783592478906"
  },
  {
    "inst_id":"ETH-USDT-SWAP",
    "side":"sell",
    "size":"0.02",
    "price":"1753.54",
    "source":"0",
    "tradeId":"4077538578",
    "timestamp":"1783592478906"
  },
  {
    "inst_id":"ETH-USDT-SWAP",
    "side":"sell",
    "size":"0.07",
    "price":"1753.54",
    "source":"0",
    "tradeId":"4077538577",
    "timestamp":"1783592478906"
  },
  {
    "inst_id":"ETH-USDT-SWAP",
    "side":"sell",
    "size":"0.34",
    "price":"1753.54",
    "source":"0",
    "tradeId":"4077538576",
    "timestamp":"1783592478906"
  },
  {
    "inst_id":"ETH-USDT-SWAP",
    "side":"sell",
    "size":"0.12",
    "price":"1753.54",
    "source":"0",
    "tradeId":"4077538575",
    "timestamp":"1783592478906"
  },
  {
    "inst_id":"ETH-USDT-SWAP",
    "side":"sell",
    "size":"0.11",
    "price":"1753.54",
    "source":"0",
    "tradeId":"4077538574",
    "timestamp":"1783592478906"
  },
  {
    "inst_id":"ETH-USDT-SWAP",
    "side":"sell",
    "size":"0.01",
    "price":"1753.54",
    "source":"0",
    "tradeId":"4077538573",
    "timestamp":"1783592478906"
  },
  {
    "inst_id":"ETH-USDT-SWAP",
    "side":"sell",
    "size":"0.02",
    "price":"1753.54",
    "source":"0",
    "tradeId":"4077538572",
    "timestamp":"1783592478906"
  },
  {
    "inst_id":"ETH-USDT-SWAP",
    "side":"sell",
    "size":"45.66",
    "price":"1753.54",
    "source":"0",
    "tradeId":"4077538571",
    "timestamp":"1783592478906"
  },
  {
    "inst_id":"ETH-USDT-SWAP",
    "side":"sell",
    "size":"0.01",
    "price":"1753.54",
    "source":"0",
    "tradeId":"4077538570",
    "timestamp":"1783592478906"
  },
  {
    "inst_id":"ETH-USDT-SWAP",
    "side":"sell",
    "size":"0.01",
    "price":"1753.54",
    "source":"0",
    "tradeId":"4077538569",
    "timestamp":"1783592478906"
  },
  {
    "inst_id":"ETH-USDT-SWAP",
    "side":"sell",
    "size":"0.03",
    "price":"1753.54",
    "source":"0",
    "tradeId":"4077538568",
    "timestamp":"1783592478906"
  },
  {
    "inst_id":"ETH-USDT-SWAP",
    "side":"sell",
    "size":"0.03",
    "price":"1753.54",
    "source":"0",
    "tradeId":"4077538567",
    "timestamp":"1783592478906"
  },
  {
    "inst_id":"ETH-USDT-SWAP",
    "side":"sell",
    "size":"0.01",
    "price":"1753.54",
    "source":"0",
    "tradeId":"4077538566",
    "timestamp":"1783592478906"
  },
  {
    "inst_id":"ETH-USDT-SWAP",
    "side":"buy",
    "size":"14.96",
    "price":"1753.55",
    "source":"0",
    "tradeId":"4077538565",
    "timestamp":"1783592477802"
  },
  {
    "inst_id":"ETH-USDT-SWAP",
    "side":"sell",
    "size":"67.93",
    "price":"1753.54",
    "source":"0",
    "tradeId":"4077538564",
    "timestamp":"1783592477074"
  },
  {
    "inst_id":"ETH-USDT-SWAP",
    "side":"buy",
    "size":"6.76",
    "price":"1753.55",
    "source":"0",
    "tradeId":"4077538563",
    "timestamp":"1783592476972"
  },
  {
    "inst_id":"ETH-USDT-SWAP",
    "side":"buy",
    "size":"0.03",
    "price":"1753.55",
    "source":"0",
    "tradeId":"4077538562",
    "timestamp":"1783592476972"
  },
  {
    "inst_id":"ETH-USDT-SWAP",
    "side":"sell",
    "size":"2.56",
    "price":"1753.38",
    "source":"0",
    "tradeId":"4077538662",
    "timestamp":"1783592486675"
  },
  {
    "inst_id":"ETH-USDT-SWAP",
    "side":"sell",
    "size":"0.5",
    "price":"1753.38",
    "source":"0",
    "tradeId":"4077538661",
    "timestamp":"1783592486138"
  },
  {
    "inst_id":"ETH-USDT-SWAP",
    "side":"sell",
    "size":"0.03",
    "price":"1753.38",
    "source":"0",
    "tradeId":"4077538660",
    "timestamp":"1783592486138"
  },
  {
    "inst_id":"ETH-USDT-SWAP",
    "side":"sell",
    "size":"0.01",
    "price":"1753.38",
    "source":"0",
    "tradeId":"4077538659",
    "timestamp":"1783592486138"
  },
  {
    "inst_id":"ETH-USDT-SWAP",
    "side":"sell",
    "size":"0.03",
    "price":"1753.38",
    "source":"0",
    "tradeId":"4077538658",
    "timestamp":"1783592486138"
  },
  {
    "inst_id":"ETH-USDT-SWAP",
    "side":"buy",
    "size":"10.25",
    "price":"1753.39",
    "source":"0",
    "tradeId":"4077538657",
    "timestamp":"1783592485809"
  },
  {
    "inst_id":"ETH-USDT-SWAP",
    "side":"buy",
    "size":"10",
    "price":"1753.39",
    "source":"0",
    "tradeId":"4077538656",
    "timestamp":"1783592485573"
  },
  {
    "inst_id":"ETH-USDT-SWAP",
    "side":"buy",
    "size":"11.45",
    "price":"1753.39",
    "source":"0",
    "tradeId":"4077538655",
    "timestamp":"1783592485518"
  },
  {
    "inst_id":"ETH-USDT-SWAP",
    "side":"sell",
    "size":"1.14",
    "price":"1753.39",
    "source":"0",
    "tradeId":"4077538654",
    "timestamp":"1783592485477"
  },
  {
    "inst_id":"ETH-USDT-SWAP",
    "side":"sell",
    "size":"0.03",
    "price":"1753.39",
    "source":"0",
    "tradeId":"4077538653",
    "timestamp":"1783592485477"
  },
  {
    "inst_id":"ETH-USDT-SWAP",
    "side":"sell",
    "size":"0.02",
    "price":"1753.4",
    "source":"0",
    "tradeId":"4077538652",
    "timestamp":"1783592485477"
  },
  {
    "inst_id":"ETH-USDT-SWAP",
    "side":"sell",
    "size":"0.03",
    "price":"1753.4",
    "source":"0",
    "tradeId":"4077538651",
    "timestamp":"1783592485477"
  },
  {
    "inst_id":"ETH-USDT-SWAP",
    "side":"sell",
    "size":"0.03",
    "price":"1753.41",
    "source":"0",
    "tradeId":"4077538650",
    "timestamp":"1783592485477"
  },
  {
    "inst_id":"ETH-USDT-SWAP",
    "side":"sell",
    "size":"0.27",
    "price":"1753.43",
    "source":"0",
    "tradeId":"4077538649",
    "timestamp":"1783592485477"
  },
  {
    "inst_id":"ETH-USDT-SWAP",
    "side":"sell",
    "size":"0.01",
    "price":"1753.43",
    "source":"0",
    "tradeId":"4077538648",
    "timestamp":"1783592485477"
  },
  {
    "inst_id":"ETH-USDT-SWAP",
    "side":"sell",
    "size":"0.4",
    "price":"1753.44",
    "source":"0",
    "tradeId":"4077538647",
    "timestamp":"1783592485477"
  },
  {
    "inst_id":"ETH-USDT-SWAP",
    "side":"sell",
    "size":"2.85",
    "price":"1753.44",
    "source":"0",
    "tradeId":"4077538646",
    "timestamp":"1783592485477"
  },
  {
    "inst_id":"ETH-USDT-SWAP",
    "side":"sell",
    "size":"0.54",
    "price":"1753.44",
    "source":"0",
    "tradeId":"4077538645",
    "timestamp":"1783592485477"
  },
  {
    "inst_id":"ETH-USDT-SWAP",
    "side":"sell",
    "size":"0.54",
    "price":"1753.44",
    "source":"0",
    "tradeId":"4077538644",
    "timestamp":"1783592485477"
  },
  {
    "inst_id":"ETH-USDT-SWAP",
    "side":"sell",
    "size":"0.01",
    "price":"1753.44",
    "source":"0",
    "tradeId":"4077538643",
    "timestamp":"1783592485477"
  },
  {
    "inst_id":"ETH-USDT-SWAP",
    "side":"sell",
    "size":"0.01",
    "price":"1753.44",
    "source":"0",
    "tradeId":"4077538642",
    "timestamp":"1783592485477"
  },
  {
    "inst_id":"ETH-USDT-SWAP",
    "side":"sell",
    "size":"0.01",
    "price":"1753.44",
    "source":"0",
    "tradeId":"4077538641",
    "timestamp":"1783592485477"
  },
  {
    "inst_id":"ETH-USDT-SWAP",
    "side":"sell",
    "size":"0.01",
    "price":"1753.44",
    "source":"0",
    "tradeId":"4077538640",
    "timestamp":"1783592485477"
  },
  {
    "inst_id":"ETH-USDT-SWAP",
    "side":"sell",
    "size":"6.25",
    "price":"1753.44",
    "source":"0",
    "tradeId":"4077538639",
    "timestamp":"1783592485477"
  },
  {
    "inst_id":"ETH-USDT-SWAP",
    "side":"sell",
    "size":"0.03",
    "price":"1753.44",
    "source":"0",
    "tradeId":"4077538638",
    "timestamp":"1783592485477"
  },
  {
    "inst_id":"ETH-USDT-SWAP",
    "side":"sell",
    "size":"0.52",
    "price":"1753.44",
    "source":"0",
    "tradeId":"4077538637",
    "timestamp":"1783592485477"
  },
  {
    "inst_id":"ETH-USDT-SWAP",
    "side":"sell",
    "size":"45.66",
    "price":"1753.44",
    "source":"0",
    "tradeId":"4077538636",
    "timestamp":"1783592485477"
  },
  {
    "inst_id":"ETH-USDT-SWAP",
    "side":"sell",
    "size":"0.01",
    "price":"1753.44",
    "source":"0",
    "tradeId":"4077538635",
    "timestamp":"1783592485477"
  },
  {
    "inst_id":"ETH-USDT-SWAP",
    "side":"sell",
    "size":"0.01",
    "price":"1753.44",
    "source":"0",
    "tradeId":"4077538634",
    "timestamp":"1783592485477"
  },
  {
    "inst_id":"ETH-USDT-SWAP",
    "side":"sell",
    "size":"0.01",
    "price":"1753.44",
    "source":"0",
    "tradeId":"4077538633",
    "timestamp":"1783592485477"
  },
  {
    "inst_id":"ETH-USDT-SWAP",
    "side":"sell",
    "size":"0.03",
    "price":"1753.44",
    "source":"0",
    "tradeId":"4077538632",
    "timestamp":"1783592485477"
  },
  {
    "inst_id":"ETH-USDT-SWAP",
    "side":"sell",
    "size":"0.03",
    "price":"1753.44",
    "source":"0",
    "tradeId":"4077538631",
    "timestamp":"1783592485477"
  },
  {
    "inst_id":"ETH-USDT-SWAP",
    "side":"sell",
    "size":"0.03",
    "price":"1753.44",
    "source":"0",
    "tradeId":"4077538630",
    "timestamp":"1783592485477"
  },
  {
    "inst_id":"ETH-USDT-SWAP",
    "side":"sell",
    "size":"0.03",
    "price":"1753.44",
    "source":"0",
    "tradeId":"4077538629",
    "timestamp":"1783592485477"
  },
  {
    "inst_id":"ETH-USDT-SWAP",
    "side":"sell",
    "size":"0.03",
    "price":"1753.44",
    "source":"0",
    "tradeId":"4077538628",
    "timestamp":"1783592485477"
  },
  {
    "inst_id":"ETH-USDT-SWAP",
    "side":"sell",
    "size":"0.03",
    "price":"1753.44",
    "source":"0",
    "tradeId":"4077538627",
    "timestamp":"1783592485477"
  },
  {
    "inst_id":"ETH-USDT-SWAP",
    "side":"sell",
    "size":"0.03",
    "price":"1753.44",
    "source":"0",
    "tradeId":"4077538626",
    "timestamp":"1783592485477"
  },
  {
    "inst_id":"ETH-USDT-SWAP",
    "side":"sell",
    "size":"0.03",
    "price":"1753.44",
    "source":"0",
    "tradeId":"4077538625",
    "timestamp":"1783592485477"
  },
  {
    "inst_id":"ETH-USDT-SWAP",
    "side":"sell",
    "size":"0.03",
    "price":"1753.44",
    "source":"0",
    "tradeId":"4077538624",
    "timestamp":"1783592485477"
  },
  {
    "inst_id":"ETH-USDT-SWAP",
    "side":"buy",
    "size":"0.01",
    "price":"1753.45",
    "source":"0",
    "tradeId":"4077538623",
    "timestamp":"1783592485410"
  },
  {
    "inst_id":"ETH-USDT-SWAP",
    "side":"buy",
    "size":"0.01",
    "price":"1753.45",
    "source":"0",
    "tradeId":"4077538622",
    "timestamp":"1783592484462"
  },
  {
    "inst_id":"ETH-USDT-SWAP",
    "side":"buy",
    "size":"0.01",
    "price":"1753.45",
    "source":"0",
    "tradeId":"4077538621",
    "timestamp":"1783592483807"
  },
  {
    "inst_id":"ETH-USDT-SWAP",
    "side":"sell",
    "size":"13.81",
    "price":"1753.44",
    "source":"0",
    "tradeId":"4077538620",
    "timestamp":"1783592483291"
  },
  {
    "inst_id":"ETH-USDT-SWAP",
    "side":"sell",
    "size":"0.48",
    "price":"1753.44",
    "source":"0",
    "tradeId":"4077538619",
    "timestamp":"1783592483177"
  },
  {
    "inst_id":"ETH-USDT-SWAP",
    "side":"sell",
    "size":"0.03",
    "price":"1753.44",
    "source":"0",
    "tradeId":"4077538618",
    "timestamp":"1783592483177"
  },
  {
    "inst_id":"ETH-USDT-SWAP",
    "side":"sell",
    "size":"0.48",
    "price":"1753.44",
    "source":"0",
    "tradeId":"4077538617",
    "timestamp":"1783592483177"
  },
  {
    "inst_id":"ETH-USDT-SWAP",
    "side":"buy",
    "size":"1",
    "price":"1753.45",
    "source":"0",
    "tradeId":"4077538616",
    "timestamp":"1783592482673"
  },
  {
    "inst_id":"ETH-USDT-SWAP",
    "side":"buy",
    "size":"4.55",
    "price":"1753.45",
    "source":"0",
    "tradeId":"4077538615",
    "timestamp":"1783592482255"
  },
  {
    "inst_id":"ETH-USDT-SWAP",
    "side":"buy",
    "size":"2",
    "price":"1753.45",
    "source":"0",
    "tradeId":"4077538614",
    "timestamp":"1783592482122"
  },
  {
    "inst_id":"ETH-USDT-SWAP",
    "side":"buy",
    "size":"1.5",
    "price":"1753.45",
    "source":"0",
    "tradeId":"4077538613",
    "timestamp":"1783592481985"
  },
  {
    "inst_id":"ETH-USDT-SWAP",
    "side":"sell",
    "size":"2",
    "price":"1753.44",
    "source":"0",
    "tradeId":"4077538612",
    "timestamp":"1783592481778"
  },
  {
    "inst_id":"ETH-USDT-SWAP",
    "side":"sell",
    "size":"3.37",
    "price":"1753.44",
    "source":"0",
    "tradeId":"4077538611",
    "timestamp":"1783592481752"
  },
  {
    "inst_id":"ETH-USDT-SWAP",
    "side":"sell",
    "size":"0.08",
    "price":"1753.44",
    "source":"0",
    "tradeId":"4077538610",
    "timestamp":"1783592481230"
  },
  {
    "inst_id":"ETH-USDT-SWAP",
    "side":"sell",
    "size":"0.01",
    "price":"1753.44",
    "source":"0",
    "tradeId":"4077538609",
    "timestamp":"1783592480729"
  },
  {
    "inst_id":"ETH-USDT-SWAP",
    "side":"buy",
    "size":"28.73",
    "price":"1753.45",
    "source":"0",
    "tradeId":"4077538608",
    "timestamp":"1783592479740"
  },
  {
    "inst_id":"ETH-USDT-SWAP",
    "side":"buy",
    "size":"21.53",
    "price":"1753.45",
    "source":"0",
    "tradeId":"4077538607",
    "timestamp":"1783592479675"
  },
  {
    "inst_id":"ETH-USDT-SWAP",
    "side":"sell",
    "size":"0.46",
    "price":"1753.44",
    "source":"0",
    "tradeId":"4077538606",
    "timestamp":"1783592479593"
  },
  {
    "inst_id":"ETH-USDT-SWAP",
    "side":"sell",
    "size":"0.01",
    "price":"1753.44",
    "source":"0",
    "tradeId":"4077538605",
    "timestamp":"1783592479593"
  },
  {
    "inst_id":"ETH-USDT-SWAP",
    "side":"buy",
    "size":"0.02",
    "price":"1753.45",
    "source":"0",
    "tradeId":"4077538604",
    "timestamp":"1783592479226"
  },
  {
    "inst_id":"ETH-USDT-SWAP",
    "side":"sell",
    "size":"0.03",
    "price":"1753.46",
    "source":"0",
    "tradeId":"4077538603",
    "timestamp":"1783592478960"
  },
  {
    "inst_id":"ETH-USDT-SWAP",
    "side":"sell",
    "size":"0.43",
    "price":"1753.47",
    "source":"0",
    "tradeId":"4077538602",
    "timestamp":"1783592478960"
  },
  {
    "inst_id":"ETH-USDT-SWAP",
    "side":"sell",
    "size":"0.29",
    "price":"1753.47",
    "source":"0",
    "tradeId":"4077538601",
    "timestamp":"1783592478960"
  },
  {
    "inst_id":"ETH-USDT-SWAP",
    "side":"sell",
    "size":"0.03",
    "price":"1753.47",
    "source":"0",
    "tradeId":"4077538600",
    "timestamp":"1783592478960"
  },
  {
    "inst_id":"ETH-USDT-SWAP",
    "side":"sell",
    "size":"0.01",
    "price":"1753.47",
    "source":"0",
    "tradeId":"4077538599",
    "timestamp":"1783592478960"
  },
  {
    "inst_id":"ETH-USDT-SWAP",
    "side":"sell",
    "size":"0.01",
    "price":"1753.47",
    "source":"0",
    "tradeId":"4077538598",
    "timestamp":"1783592478960"
  },
  {
    "inst_id":"ETH-USDT-SWAP",
    "side":"sell",
    "size":"0.03",
    "price":"1753.48",
    "source":"0",
    "tradeId":"4077538597",
    "timestamp":"1783592478954"
  },
  {
    "inst_id":"ETH-USDT-SWAP",
    "side":"sell",
    "size":"0.6",
    "price":"1753.48",
    "source":"0",
    "tradeId":"4077538596",
    "timestamp":"1783592478954"
  },
  {
    "inst_id":"ETH-USDT-SWAP",
    "side":"sell",
    "size":"0.03",
    "price":"1753.48",
    "source":"0",
    "tradeId":"4077538595",
    "timestamp":"1783592478954"
  },
  {
    "inst_id":"ETH-USDT-SWAP",
    "side":"sell",
    "size":"0.01",
    "price":"1753.48",
    "source":"0",
    "tradeId":"4077538594",
    "timestamp":"1783592478954"
  },
  {
    "inst_id":"ETH-USDT-SWAP",
    "side":"sell",
    "size":"0.04",
    "price":"1753.48",
    "source":"0",
    "tradeId":"4077538593",
    "timestamp":"1783592478913"
  },
  {
    "inst_id":"ETH-USDT-SWAP",
    "side":"sell",
    "size":"0.44",
    "price":"1753.48",
    "source":"0",
    "tradeId":"4077538592",
    "timestamp":"1783592478912"
  },
  {
    "inst_id":"ETH-USDT-SWAP",
    "side":"sell",
    "size":"0.15",
    "price":"1753.48",
    "source":"0",
    "tradeId":"4077538591",
    "timestamp":"1783592478911"
  },
  {
    "inst_id":"ETH-USDT-SWAP",
    "side":"sell",
    "size":"0.17",
    "price":"1753.48",
    "source":"0",
    "tradeId":"4077538590",
    "timestamp":"1783592478911"
  },
  {
    "inst_id":"ETH-USDT-SWAP",
    "side":"sell",
    "size":"0.34",
    "price":"1753.48",
    "source":"0",
    "tradeId":"4077538589",
    "timestamp":"1783592478911"
  },
  {
    "inst_id":"ETH-USDT-SWAP",
    "side":"sell",
    "size":"0.34",
    "price":"1753.48",
    "source":"0",
    "tradeId":"4077538588",
    "timestamp":"1783592478911"
  },
  {
    "inst_id":"ETH-USDT-SWAP",
    "side":"sell",
    "size":"0.18",
    "price":"1753.48",
    "source":"0",
    "tradeId":"4077538587",
    "timestamp":"1783592478911"
  },
  {
    "inst_id":"ETH-USDT-SWAP",
    "side":"sell",
    "size":"0.03",
    "price":"1753.48",
    "source":"0",
    "tradeId":"4077538586",
    "timestamp":"1783592478911"
  },
  {
    "inst_id":"ETH-USDT-SWAP",
    "side":"sell",
    "size":"0.06",
    "price":"1753.49",
    "source":"0",
    "tradeId":"4077538585",
    "timestamp":"1783592478911"
  },
  {
    "inst_id":"ETH-USDT-SWAP",
    "side":"sell",
    "size":"0.03",
    "price":"1753.49",
    "source":"0",
    "tradeId":"4077538584",
    "timestamp":"1783592478911"
  },
  {
    "inst_id":"ETH-USDT-SWAP",
    "side":"sell",
    "size":"0.02",
    "price":"1753.49",
    "source":"0",
    "tradeId":"4077538583",
    "timestamp":"1783592478911"
  },
  {
    "inst_id":"ETH-USDT-SWAP",
    "side":"sell",
    "size":"0.01",
    "price":"1753.51",
    "source":"0",
    "tradeId":"4077538582",
    "timestamp":"1783592478911"
  },
  {
    "inst_id":"ETH-USDT-SWAP",
    "side":"sell",
    "size":"0.01",
    "price":"1753.51",
    "source":"0",
    "tradeId":"4077538581",
    "timestamp":"1783592478911"
  },
  {
    "inst_id":"ETH-USDT-SWAP",
    "side":"sell",
    "size":"2.85",
    "price":"1753.54",
    "source":"0",
    "tradeId":"4077538580",
    "timestamp":"1783592478906"
  },
  {
    "inst_id":"ETH-USDT-SWAP",
    "side":"sell",
    "size":"0.67",
    "price":"1753.54",
    "source":"0",
    "tradeId":"4077538579",
    "timestamp":"1783592478906"
  },
  {
    "inst_id":"ETH-USDT-SWAP",
    "side":"sell",
    "size":"0.02",
    "price":"1753.54",
    "source":"0",
    "tradeId":"4077538578",
    "timestamp":"1783592478906"
  },
  {
    "inst_id":"ETH-USDT-SWAP",
    "side":"sell",
    "size":"0.07",
    "price":"1753.54",
    "source":"0",
    "tradeId":"4077538577",
    "timestamp":"1783592478906"
  },
  {
    "inst_id":"ETH-USDT-SWAP",
    "side":"sell",
    "size":"0.34",
    "price":"1753.54",
    "source":"0",
    "tradeId":"4077538576",
    "timestamp":"1783592478906"
  },
  {
    "inst_id":"ETH-USDT-SWAP",
    "side":"sell",
    "size":"0.12",
    "price":"1753.54",
    "source":"0",
    "tradeId":"4077538575",
    "timestamp":"1783592478906"
  },
  {
    "inst_id":"ETH-USDT-SWAP",
    "side":"sell",
    "size":"0.11",
    "price":"1753.54",
    "source":"0",
    "tradeId":"4077538574",
    "timestamp":"1783592478906"
  },
  {
    "inst_id":"ETH-USDT-SWAP",
    "side":"sell",
    "size":"0.01",
    "price":"1753.54",
    "source":"0",
    "tradeId":"4077538573",
    "timestamp":"1783592478906"
  },
  {
    "inst_id":"ETH-USDT-SWAP",
    "side":"sell",
    "size":"0.02",
    "price":"1753.54",
    "source":"0",
    "tradeId":"4077538572",
    "timestamp":"1783592478906"
  },
  {
    "inst_id":"ETH-USDT-SWAP",
    "side":"sell",
    "size":"45.66",
    "price":"1753.54",
    "source":"0",
    "tradeId":"4077538571",
    "timestamp":"1783592478906"
  },
  {
    "inst_id":"ETH-USDT-SWAP",
    "side":"sell",
    "size":"0.01",
    "price":"1753.54",
    "source":"0",
    "tradeId":"4077538570",
    "timestamp":"1783592478906"
  },
  {
    "inst_id":"ETH-USDT-SWAP",
    "side":"sell",
    "size":"0.01",
    "price":"1753.54",
    "source":"0",
    "tradeId":"4077538569",
    "timestamp":"1783592478906"
  },
  {
    "inst_id":"ETH-USDT-SWAP",
    "side":"sell",
    "size":"0.03",
    "price":"1753.54",
    "source":"0",
    "tradeId":"4077538568",
    "timestamp":"1783592478906"
  },
  {
    "inst_id":"ETH-USDT-SWAP",
    "side":"sell",
    "size":"0.03",
    "price":"1753.54",
    "source":"0",
    "tradeId":"4077538567",
    "timestamp":"1783592478906"
  },
  {
    "inst_id":"ETH-USDT-SWAP",
    "side":"sell",
    "size":"0.01",
    "price":"1753.54",
    "source":"0",
    "tradeId":"4077538566",
    "timestamp":"1783592478906"
  },
  {
    "inst_id":"ETH-USDT-SWAP",
    "side":"buy",
    "size":"14.96",
    "price":"1753.55",
    "source":"0",
    "tradeId":"4077538565",
    "timestamp":"1783592477802"
  },
  {
    "inst_id":"ETH-USDT-SWAP",
    "side":"sell",
    "size":"67.93",
    "price":"1753.54",
    "source":"0",
    "tradeId":"4077538564",
    "timestamp":"1783592477074"
  },
  {
    "inst_id":"ETH-USDT-SWAP",
    "side":"buy",
    "size":"6.76",
    "price":"1753.55",
    "source":"0",
    "tradeId":"4077538563",
    "timestamp":"1783592476972"
  },
  {
    "inst_id":"ETH-USDT-SWAP",
    "side":"sell",
    "size":"2.56",
    "price":"1753.38",
    "source":"0",
    "tradeId":"4077538662",
    "timestamp":"1783592486675"
  },
  {
    "inst_id":"ETH-USDT-SWAP",
    "side":"sell",
    "size":"0.5",
    "price":"1753.38",
    "source":"0",
    "tradeId":"4077538661",
    "timestamp":"1783592486138"
  },
  {
    "inst_id":"ETH-USDT-SWAP",
    "side":"sell",
    "size":"0.03",
    "price":"1753.38",
    "source":"0",
    "tradeId":"4077538660",
    "timestamp":"1783592486138"
  },
  {
    "inst_id":"ETH-USDT-SWAP",
    "side":"sell",
    "size":"0.01",
    "price":"1753.38",
    "source":"0",
    "tradeId":"4077538659",
    "timestamp":"1783592486138"
  },
  {
    "inst_id":"ETH-USDT-SWAP",
    "side":"sell",
    "size":"0.03",
    "price":"1753.38",
    "source":"0",
    "tradeId":"4077538658",
    "timestamp":"1783592486138"
  },
  {
    "inst_id":"ETH-USDT-SWAP",
    "side":"buy",
    "size":"10.25",
    "price":"1753.39",
    "source":"0",
    "tradeId":"4077538657",
    "timestamp":"1783592485809"
  },
  {
    "inst_id":"ETH-USDT-SWAP",
    "side":"buy",
    "size":"10",
    "price":"1753.39",
    "source":"0",
    "tradeId":"4077538656",
    "timestamp":"1783592485573"
  },
  {
    "inst_id":"ETH-USDT-SWAP",
    "side":"buy",
    "size":"11.45",
    "price":"1753.39",
    "source":"0",
    "tradeId":"4077538655",
    "timestamp":"1783592485518"
  },
  {
    "inst_id":"ETH-USDT-SWAP",
    "side":"sell",
    "size":"1.14",
    "price":"1753.39",
    "source":"0",
    "tradeId":"4077538654",
    "timestamp":"1783592485477"
  },
  {
    "inst_id":"ETH-USDT-SWAP",
    "side":"sell",
    "size":"0.03",
    "price":"1753.39",
    "source":"0",
    "tradeId":"4077538653",
    "timestamp":"1783592485477"
  },
  {
    "inst_id":"ETH-USDT-SWAP",
    "side":"sell",
    "size":"0.02",
    "price":"1753.4",
    "source":"0",
    "tradeId":"4077538652",
    "timestamp":"1783592485477"
  },
  {
    "inst_id":"ETH-USDT-SWAP",
    "side":"sell",
    "size":"0.03",
    "price":"1753.4",
    "source":"0",
    "tradeId":"4077538651",
    "timestamp":"1783592485477"
  },
  {
    "inst_id":"ETH-USDT-SWAP",
    "side":"sell",
    "size":"0.03",
    "price":"1753.41",
    "source":"0",
    "tradeId":"4077538650",
    "timestamp":"1783592485477"
  },
  {
    "inst_id":"ETH-USDT-SWAP",
    "side":"sell",
    "size":"0.27",
    "price":"1753.43",
    "source":"0",
    "tradeId":"4077538649",
    "timestamp":"1783592485477"
  },
  {
    "inst_id":"ETH-USDT-SWAP",
    "side":"sell",
    "size":"0.01",
    "price":"1753.43",
    "source":"0",
    "tradeId":"4077538648",
    "timestamp":"1783592485477"
  },
  {
    "inst_id":"ETH-USDT-SWAP",
    "side":"sell",
    "size":"0.4",
    "price":"1753.44",
    "source":"0",
    "tradeId":"4077538647",
    "timestamp":"1783592485477"
  },
  {
    "inst_id":"ETH-USDT-SWAP",
    "side":"sell",
    "size":"2.85",
    "price":"1753.44",
    "source":"0",
    "tradeId":"4077538646",
    "timestamp":"1783592485477"
  },
  {
    "inst_id":"ETH-USDT-SWAP",
    "side":"sell",
    "size":"0.54",
    "price":"1753.44",
    "source":"0",
    "tradeId":"4077538645",
    "timestamp":"1783592485477"
  },
  {
    "inst_id":"ETH-USDT-SWAP",
    "side":"sell",
    "size":"0.54",
    "price":"1753.44",
    "source":"0",
    "tradeId":"4077538644",
    "timestamp":"1783592485477"
  },
  {
    "inst_id":"ETH-USDT-SWAP",
    "side":"sell",
    "size":"0.01",
    "price":"1753.44",
    "source":"0",
    "tradeId":"4077538643",
    "timestamp":"1783592485477"
  },
  {
    "inst_id":"ETH-USDT-SWAP",
    "side":"sell",
    "size":"0.01",
    "price":"1753.44",
    "source":"0",
    "tradeId":"4077538642",
    "timestamp":"1783592485477"
  },
  {
    "inst_id":"ETH-USDT-SWAP",
    "side":"sell",
    "size":"0.01",
    "price":"1753.44",
    "source":"0",
    "tradeId":"4077538641",
    "timestamp":"1783592485477"
  },
  {
    "inst_id":"ETH-USDT-SWAP",
    "side":"sell",
    "size":"0.01",
    "price":"1753.44",
    "source":"0",
    "tradeId":"4077538640",
    "timestamp":"1783592485477"
  },
  {
    "inst_id":"ETH-USDT-SWAP",
    "side":"sell",
    "size":"6.25",
    "price":"1753.44",
    "source":"0",
    "tradeId":"4077538639",
    "timestamp":"1783592485477"
  },
  {
    "inst_id":"ETH-USDT-SWAP",
    "side":"sell",
    "size":"0.03",
    "price":"1753.44",
    "source":"0",
    "tradeId":"4077538638",
    "timestamp":"1783592485477"
  },
  {
    "inst_id":"ETH-USDT-SWAP",
    "side":"sell",
    "size":"0.52",
    "price":"1753.44",
    "source":"0",
    "tradeId":"4077538637",
    "timestamp":"1783592485477"
  },
  {
    "inst_id":"ETH-USDT-SWAP",
    "side":"sell",
    "size":"45.66",
    "price":"1753.44",
    "source":"0",
    "tradeId":"4077538636",
    "timestamp":"1783592485477"
  },
  {
    "inst_id":"ETH-USDT-SWAP",
    "side":"sell",
    "size":"0.01",
    "price":"1753.44",
    "source":"0",
    "tradeId":"4077538635",
    "timestamp":"1783592485477"
  },
  {
    "inst_id":"ETH-USDT-SWAP",
    "side":"sell",
    "size":"0.01",
    "price":"1753.44",
    "source":"0",
    "tradeId":"4077538634",
    "timestamp":"1783592485477"
  },
  {
    "inst_id":"ETH-USDT-SWAP",
    "side":"sell",
    "size":"0.01",
    "price":"1753.44",
    "source":"0",
    "tradeId":"4077538633",
    "timestamp":"1783592485477"
  },
  {
    "inst_id":"ETH-USDT-SWAP",
    "side":"sell",
    "size":"0.03",
    "price":"1753.44",
    "source":"0",
    "tradeId":"4077538632",
    "timestamp":"1783592485477"
  },
  {
    "inst_id":"ETH-USDT-SWAP",
    "side":"sell",
    "size":"0.03",
    "price":"1753.44",
    "source":"0",
    "tradeId":"4077538631",
    "timestamp":"1783592485477"
  },
  {
    "inst_id":"ETH-USDT-SWAP",
    "side":"sell",
    "size":"0.03",
    "price":"1753.44",
    "source":"0",
    "tradeId":"4077538630",
    "timestamp":"1783592485477"
  },
  {
    "inst_id":"ETH-USDT-SWAP",
    "side":"sell",
    "size":"0.03",
    "price":"1753.44",
    "source":"0",
    "tradeId":"4077538629",
    "timestamp":"1783592485477"
  },
  {
    "inst_id":"ETH-USDT-SWAP",
    "side":"sell",
    "size":"0.03",
    "price":"1753.44",
    "source":"0",
    "tradeId":"4077538628",
    "timestamp":"1783592485477"
  },
  {
    "inst_id":"ETH-USDT-SWAP",
    "side":"sell",
    "size":"0.03",
    "price":"1753.44",
    "source":"0",
    "tradeId":"4077538627",
    "timestamp":"1783592485477"
  },
  {
    "inst_id":"ETH-USDT-SWAP",
    "side":"sell",
    "size":"0.03",
    "price":"1753.44",
    "source":"0",
    "tradeId":"4077538626",
    "timestamp":"1783592485477"
  },
  {
    "inst_id":"ETH-USDT-SWAP",
    "side":"sell",
    "size":"0.03",
    "price":"1753.44",
    "source":"0",
    "tradeId":"4077538625",
    "timestamp":"1783592485477"
  },
  {
    "inst_id":"ETH-USDT-SWAP",
    "side":"sell",
    "size":"0.03",
    "price":"1753.44",
    "source":"0",
    "tradeId":"4077538624",
    "timestamp":"1783592485477"
  },
  {
    "inst_id":"ETH-USDT-SWAP",
    "side":"buy",
    "size":"0.01",
    "price":"1753.45",
    "source":"0",
    "tradeId":"4077538623",
    "timestamp":"1783592485410"
  },
  {
    "inst_id":"ETH-USDT-SWAP",
    "side":"buy",
    "size":"0.01",
    "price":"1753.45",
    "source":"0",
    "tradeId":"4077538622",
    "timestamp":"1783592484462"
  },
  {
    "inst_id":"ETH-USDT-SWAP",
    "side":"buy",
    "size":"0.01",
    "price":"1753.45",
    "source":"0",
    "tradeId":"4077538621",
    "timestamp":"1783592483807"
  },
  {
    "inst_id":"ETH-USDT-SWAP",
    "side":"sell",
    "size":"13.81",
    "price":"1753.44",
    "source":"0",
    "tradeId":"4077538620",
    "timestamp":"1783592483291"
  },
  {
    "inst_id":"ETH-USDT-SWAP",
    "side":"sell",
    "size":"0.48",
    "price":"1753.44",
    "source":"0",
    "tradeId":"4077538619",
    "timestamp":"1783592483177"
  },
  {
    "inst_id":"ETH-USDT-SWAP",
    "side":"sell",
    "size":"0.03",
    "price":"1753.44",
    "source":"0",
    "tradeId":"4077538618",
    "timestamp":"1783592483177"
  },
  {
    "inst_id":"ETH-USDT-SWAP",
    "side":"sell",
    "size":"0.48",
    "price":"1753.44",
    "source":"0",
    "tradeId":"4077538617",
    "timestamp":"1783592483177"
  },
  {
    "inst_id":"ETH-USDT-SWAP",
    "side":"buy",
    "size":"1",
    "price":"1753.45",
    "source":"0",
    "tradeId":"4077538616",
    "timestamp":"1783592482673"
  },
  {
    "inst_id":"ETH-USDT-SWAP",
    "side":"buy",
    "size":"4.55",
    "price":"1753.45",
    "source":"0",
    "tradeId":"4077538615",
    "timestamp":"1783592482255"
  },
  {
    "inst_id":"ETH-USDT-SWAP",
    "side":"buy",
    "size":"2",
    "price":"1753.45",
    "source":"0",
    "tradeId":"4077538614",
    "timestamp":"1783592482122"
  },
  {
    "inst_id":"ETH-USDT-SWAP",
    "side":"buy",
    "size":"1.5",
    "price":"1753.45",
    "source":"0",
    "tradeId":"4077538613",
    "timestamp":"1783592481985"
  },
  {
    "inst_id":"ETH-USDT-SWAP",
    "side":"sell",
    "size":"2",
    "price":"1753.44",
    "source":"0",
    "tradeId":"4077538612",
    "timestamp":"1783592481778"
  },
  {
    "inst_id":"ETH-USDT-SWAP",
    "side":"sell",
    "size":"3.37",
    "price":"1753.44",
    "source":"0",
    "tradeId":"4077538611",
    "timestamp":"1783592481752"
  },
  {
    "inst_id":"ETH-USDT-SWAP",
    "side":"sell",
    "size":"0.08",
    "price":"1753.44",
    "source":"0",
    "tradeId":"4077538610",
    "timestamp":"1783592481230"
  },
  {
    "inst_id":"ETH-USDT-SWAP",
    "side":"sell",
    "size":"0.01",
    "price":"1753.44",
    "source":"0",
    "tradeId":"4077538609",
    "timestamp":"1783592480729"
  },
  {
    "inst_id":"ETH-USDT-SWAP",
    "side":"buy",
    "size":"28.73",
    "price":"1753.45",
    "source":"0",
    "tradeId":"4077538608",
    "timestamp":"1783592479740"
  },
  {
    "inst_id":"ETH-USDT-SWAP",
    "side":"buy",
    "size":"21.53",
    "price":"1753.45",
    "source":"0",
    "tradeId":"4077538607",
    "timestamp":"1783592479675"
  },
  {
    "inst_id":"ETH-USDT-SWAP",
    "side":"sell",
    "size":"0.46",
    "price":"1753.44",
    "source":"0",
    "tradeId":"4077538606",
    "timestamp":"1783592479593"
  },
  {
    "inst_id":"ETH-USDT-SWAP",
    "side":"sell",
    "size":"0.01",
    "price":"1753.44",
    "source":"0",
    "tradeId":"4077538605",
    "timestamp":"1783592479593"
  },
  {
    "inst_id":"ETH-USDT-SWAP",
    "side":"buy",
    "size":"0.02",
    "price":"1753.45",
    "source":"0",
    "tradeId":"4077538604",
    "timestamp":"1783592479226"
  },
  {
    "inst_id":"ETH-USDT-SWAP",
    "side":"sell",
    "size":"0.03",
    "price":"1753.46",
    "source":"0",
    "tradeId":"4077538603",
    "timestamp":"1783592478960"
  },
  {
    "inst_id":"ETH-USDT-SWAP",
    "side":"sell",
    "size":"0.43",
    "price":"1753.47",
    "source":"0",
    "tradeId":"4077538602",
    "timestamp":"1783592478960"
  },
  {
    "inst_id":"ETH-USDT-SWAP",
    "side":"sell",
    "size":"0.29",
    "price":"1753.47",
    "source":"0",
    "tradeId":"4077538601",
    "timestamp":"1783592478960"
  },
  {
    "inst_id":"ETH-USDT-SWAP",
    "side":"sell",
    "size":"0.03",
    "price":"1753.47",
    "source":"0",
    "tradeId":"4077538600",
    "timestamp":"1783592478960"
  },
  {
    "inst_id":"ETH-USDT-SWAP",
    "side":"sell",
    "size":"0.01",
    "price":"1753.47",
    "source":"0",
    "tradeId":"4077538599",
    "timestamp":"1783592478960"
  },
  {
    "inst_id":"ETH-USDT-SWAP",
    "side":"sell",
    "size":"0.01",
    "price":"1753.47",
    "source":"0",
    "tradeId":"4077538598",
    "timestamp":"1783592478960"
  },
  {
    "inst_id":"ETH-USDT-SWAP",
    "side":"sell",
    "size":"0.03",
    "price":"1753.48",
    "source":"0",
    "tradeId":"4077538597",
    "timestamp":"1783592478954"
  },
  {
    "inst_id":"ETH-USDT-SWAP",
    "side":"sell",
    "size":"0.6",
    "price":"1753.48",
    "source":"0",
    "tradeId":"4077538596",
    "timestamp":"1783592478954"
  },
  {
    "inst_id":"ETH-USDT-SWAP",
    "side":"sell",
    "size":"0.03",
    "price":"1753.48",
    "source":"0",
    "tradeId":"4077538595",
    "timestamp":"1783592478954"
  },
  {
    "inst_id":"ETH-USDT-SWAP",
    "side":"sell",
    "size":"0.01",
    "price":"1753.48",
    "source":"0",
    "tradeId":"4077538594",
    "timestamp":"1783592478954"
  },
  {
    "inst_id":"ETH-USDT-SWAP",
    "side":"sell",
    "size":"0.04",
    "price":"1753.48",
    "source":"0",
    "tradeId":"4077538593",
    "timestamp":"1783592478913"
  },
  {
    "inst_id":"ETH-USDT-SWAP",
    "side":"sell",
    "size":"0.44",
    "price":"1753.48",
    "source":"0",
    "tradeId":"4077538592",
    "timestamp":"1783592478912"
  },
  {
    "inst_id":"ETH-USDT-SWAP",
    "side":"sell",
    "size":"0.15",
    "price":"1753.48",
    "source":"0",
    "tradeId":"4077538591",
    "timestamp":"1783592478911"
  },
  {
    "inst_id":"ETH-USDT-SWAP",
    "side":"sell",
    "size":"0.17",
    "price":"1753.48",
    "source":"0",
    "tradeId":"4077538590",
    "timestamp":"1783592478911"
  },
  {
    "inst_id":"ETH-USDT-SWAP",
    "side":"sell",
    "size":"0.34",
    "price":"1753.48",
    "source":"0",
    "tradeId":"4077538589",
    "timestamp":"1783592478911"
  },
  {
    "inst_id":"ETH-USDT-SWAP",
    "side":"sell",
    "size":"0.34",
    "price":"1753.48",
    "source":"0",
    "tradeId":"4077538588",
    "timestamp":"1783592478911"
  },
  {
    "inst_id":"ETH-USDT-SWAP",
    "side":"sell",
    "size":"0.18",
    "price":"1753.48",
    "source":"0",
    "tradeId":"4077538587",
    "timestamp":"1783592478911"
  },
  {
    "inst_id":"ETH-USDT-SWAP",
    "side":"sell",
    "size":"0.03",
    "price":"1753.48",
    "source":"0",
    "tradeId":"4077538586",
    "timestamp":"1783592478911"
  },
  {
    "inst_id":"ETH-USDT-SWAP",
    "side":"sell",
    "size":"0.06",
    "price":"1753.49",
    "source":"0",
    "tradeId":"4077538585",
    "timestamp":"1783592478911"
  },
  {
    "inst_id":"ETH-USDT-SWAP",
    "side":"sell",
    "size":"0.03",
    "price":"1753.49",
    "source":"0",
    "tradeId":"4077538584",
    "timestamp":"1783592478911"
  },
  {
    "inst_id":"ETH-USDT-SWAP",
    "side":"sell",
    "size":"0.02",
    "price":"1753.49",
    "source":"0",
    "tradeId":"4077538583",
    "timestamp":"1783592478911"
  },
  {
    "inst_id":"ETH-USDT-SWAP",
    "side":"sell",
    "size":"0.01",
    "price":"1753.51",
    "source":"0",
    "tradeId":"4077538582",
    "timestamp":"1783592478911"
  },
  {
    "inst_id":"ETH-USDT-SWAP",
    "side":"sell",
    "size":"0.01",
    "price":"1753.51",
    "source":"0",
    "tradeId":"4077538581",
    "timestamp":"1783592478911"
  },
  {
    "inst_id":"ETH-USDT-SWAP",
    "side":"sell",
    "size":"2.85",
    "price":"1753.54",
    "source":"0",
    "tradeId":"4077538580",
    "timestamp":"1783592478906"
  },
  {
    "inst_id":"ETH-USDT-SWAP",
    "side":"sell",
    "size":"0.67",
    "price":"1753.54",
    "source":"0",
    "tradeId":"4077538579",
    "timestamp":"1783592478906"
  },
  {
    "inst_id":"ETH-USDT-SWAP",
    "side":"sell",
    "size":"0.02",
    "price":"1753.54",
    "source":"0",
    "tradeId":"4077538578",
    "timestamp":"1783592478906"
  },
  {
    "inst_id":"ETH-USDT-SWAP",
    "side":"sell",
    "size":"0.07",
    "price":"1753.54",
    "source":"0",
    "tradeId":"4077538577",
    "timestamp":"1783592478906"
  },
  {
    "inst_id":"ETH-USDT-SWAP",
    "side":"sell",
    "size":"0.34",
    "price":"1753.54",
    "source":"0",
    "tradeId":"4077538576",
    "timestamp":"1783592478906"
  },
  {
    "inst_id":"ETH-USDT-SWAP",
    "side":"sell",
    "size":"0.12",
    "price":"1753.54",
    "source":"0",
    "tradeId":"4077538575",
    "timestamp":"1783592478906"
  },
  {
    "inst_id":"ETH-USDT-SWAP",
    "side":"sell",
    "size":"0.11",
    "price":"1753.54",
    "source":"0",
    "tradeId":"4077538574",
    "timestamp":"1783592478906"
  },
  {
    "inst_id":"ETH-USDT-SWAP",
    "side":"sell",
    "size":"0.01",
    "price":"1753.54",
    "source":"0",
    "tradeId":"4077538573",
    "timestamp":"1783592478906"
  },
  {
    "inst_id":"ETH-USDT-SWAP",
    "side":"sell",
    "size":"0.02",
    "price":"1753.54",
    "source":"0",
    "tradeId":"4077538572",
    "timestamp":"1783592478906"
  },
  {
    "inst_id":"ETH-USDT-SWAP",
    "side":"sell",
    "size":"45.66",
    "price":"1753.54",
    "source":"0",
    "tradeId":"4077538571",
    "timestamp":"1783592478906"
  },
  {
    "inst_id":"ETH-USDT-SWAP",
    "side":"sell",
    "size":"0.01",
    "price":"1753.54",
    "source":"0",
    "tradeId":"4077538570",
    "timestamp":"1783592478906"
  },
  {
    "inst_id":"ETH-USDT-SWAP",
    "side":"sell",
    "size":"0.01",
    "price":"1753.54",
    "source":"0",
    "tradeId":"4077538569",
    "timestamp":"1783592478906"
  },
  {
    "inst_id":"ETH-USDT-SWAP",
    "side":"sell",
    "size":"0.03",
    "price":"1753.54",
    "source":"0",
    "tradeId":"4077538568",
    "timestamp":"1783592478906"
  },
  {
    "inst_id":"ETH-USDT-SWAP",
    "side":"sell",
    "size":"0.03",
    "price":"1753.54",
    "source":"0",
    "tradeId":"4077538567",
    "timestamp":"1783592478906"
  },
  {
    "inst_id":"ETH-USDT-SWAP",
    "side":"sell",
    "size":"0.01",
    "price":"1753.54",
    "source":"0",
    "tradeId":"4077538566",
    "timestamp":"1783592478906"
  },
  {
    "inst_id":"ETH-USDT-SWAP",
    "side":"buy",
    "size":"14.96",
    "price":"1753.55",
    "source":"0",
    "tradeId":"4077538565",
    "timestamp":"1783592477802"
  },
  {
    "inst_id":"ETH-USDT-SWAP",
    "side":"sell",
    "size":"67.93",
    "price":"1753.54",
    "source":"0",
    "tradeId":"4077538564",
    "timestamp":"1783592477074"
  },
  {
    "inst_id":"ETH-USDT-SWAP",
    "side":"buy",
    "size":"6.76",
    "price":"1753.55",
    "source":"0",
    "tradeId":"4077538563",
    "timestamp":"1783592476972"
  }
]