[
  {
    "inst_id":"SOL-USDT-SWAP",
    "side":"sell",
    "size":"0.01",
    "price":"78.02",
    "source":"0",
    "tradeId":"1560185264",
    "timestamp":"1783592490947"
  },
  {
    "inst_id":"SOL-USDT-SWAP",
    "side":"buy",
    "size":"0.01",
    "price":"78.03",
    "source":"0",
    "tradeId":"1560185263",
    "timestamp":"1783592490570"
  },
  {
    "inst_id":"SOL-USDT-SWAP",
    "side":"sell",
    "size":"0.1",
    "price":"78.02",
    "source":"0",
    "tradeId":"1560185262",
    "timestamp":"1783592490225"
  },
  {
    "inst_id":"SOL-USDT-SWAP",
    "side":"sell",
    "size":"0.31",
    "price":"78.02",
    "source":"0",
    "tradeId":"1560185261",
    "timestamp":"1783592488052"
  },
  {
    "inst_id":"SOL-USDT-SWAP",
    "side":"sell",
    "size":"4.41",
    "price":"78.03",
    "source":"0",
    "tradeId":"1560185260",
    "timestamp":"1783592487826"
  },
  {
    "inst_id":"SOL-USDT-SWAP",
    "side":"sell",
    "size":"0.07",
    "price":"78.03",
    "source":"0",
    "tradeId":"1560185259",
    "timestamp":"1783592487826"
  },
  {
    "inst_id":"SOL-USDT-SWAP",
    "side":"sell",
    "size":"0.59",
    "price":"78.03",
    "source":"0",
    "tradeId":"1560185258",
    "timestamp":"1783592487068"
  },
  {
    "inst_id":"SOL-USDT-SWAP",
    "side":"sell",
    "size":"29.12",
    "price":"78.03",
    "source":"0",
    "tradeId":"1560185257",
    "timestamp":"1783592485890"
  },
  {
    "inst_id":"SOL-USDT-SWAP",
    "side":"sell",
    "size":"3.95",
    "price":"78.03",
    "source":"0",
    "tradeId":"1560185256",
    "timestamp":"1783592482824"
  },
  {
    "inst_id":"SOL-USDT-SWAP",
    "side":"buy",
    "size":"6.32",
    "price":"78.04",
    "source":"0",
    "tradeId":"1560185255",
    "timestamp":"1783592482398"
  },
  {
    "inst_id":"SOL-USDT-SWAP",
    "side":"buy",
    "size":"0.28",
    "price":"78.04",
    "source":"0",
    "tradeId":"1560185254",
    "timestamp":"1783592481273"
  },
  {
    "inst_id":"SOL-USDT-SWAP",
    "side":"sell",
    "size":"0.01",
    "price":"78.03",
    "source":"0",
    "tradeId":"1560185253",
    "timestamp":"1783592480773"
  },
  {
    "inst_id":"SOL-USDT-SWAP",
    "side":"buy",
    "size":"1.93",
    "price":"78.04",
    "source":"0",
    "tradeId":"1560185252",
    "timestamp":"1783592477662"
  },
  {
    "inst_id":"SOL-USDT-SWAP",
    "side":"buy",
    "size":"0.07",
    "price":"78.04",
    "source":"0",
    "tradeId":"1560185251",
    "timestamp":"1783592477662"
  },
  {
    "inst_id":"SOL-USDT-SWAP",
    "side":"sell",
    "size":"237.42",
    "price":"78.03",
    "source":"0",
    "tradeId":"1560185250",
    "timestamp":"1783592475496"
  },
  {
    "inst_id":"SOL-USDT-SWAP",
    "side":"sell",
    "size":"1",
    "price":"78.03",
    "source":"0",
    "tradeId":"1560185249",
    "timestamp":"1783592475496"
  },
  {
    "inst_id":"SOL-USDT-SWAP",
    "side":"sell",
    "size":"1",
    "price":"78.03",
    "source":"0",
    "tradeId":"1560185248",
    "timestamp":"1783592475496"
  },
  {
    "inst_id":"SOL-USDT-SWAP",
    "side":"sell",
    "size":"3.33",
    "price":"78.03",
    "source":"0",
    "tradeId":"1560185247",
    "timestamp":"1783592475496"
  },
  {
    "inst_id":"SOL-USDT-SWAP",
    "side":"sell",
    "size":"0.18",
    "price":"78.03",
    "source":"0",
    "tradeId":"1560185246",
    "timestamp":"1783592475496"
  },
  {
    "inst_id":"SOL-USDT-SWAP",
    "side":"sell",
    "size":"0.01",
    "price":"78.03",
    "source":"0",
    "tradeId":"1560185245",
    "timestamp":"1783592475496"
  },
  {
    "inst_id":"SOL-USDT-SWAP",
    "side":"sell",
    "size":"0.07",
    "price":"78.03",
    "source":"0",
    "tradeId":"1560185244",
    "timestamp":"1783592475496"
  },
  {
    "inst_id":"SOL-USDT-SWAP",
    "side":"sell",
    "size":"0.01",
    "price":"78.03",
    "source":"0",
    "tradeId":"1560185243",
    "timestamp":"1783592475496"
  },
  {
    "inst_id":"SOL-USDT-SWAP",
    "side":"sell",
    "size":"0.07",
    "price":"78.03",
    "source":"0",
    "tradeId":"1560185242",
    "timestamp":"1783592475496"
  },
  {
    "inst_id":"SOL-USDT-SWAP",
    "side":"sell",
    "size":"155.92",
    "price":"78.03",
    "source":"0",
    "tradeId":"1560185241",
    "timestamp":"1783592475496"
  },
  {
    "inst_id":"SOL-USDT-SWAP",
    "side":"sell",
    "size":"1.38",
    "price":"78.03",
    "source":"0",
    "tradeId":"1560185240",
    "timestamp":"1783592475031"
  },
  {
    "inst_id":"SOL-USDT-SWAP",
    "side":"sell",
    "size":"0.04",
    "price":"78.03",
    "source":"0",
    "tradeId":"1560185239",
    "timestamp":"1783592472881"
  },
  {
    "inst_id":"SOL-USDT-SWAP",
    "side":"sell",
    "size":"0.09",
    "price":"78.03",
    "source":"0",
    "tradeId":"1560185238",
    "timestamp":"1783592471053"
  },
  {
    "inst_id":"SOL-USDT-SWAP",
    "side":"buy",
    "size":"0.29",
    "price":"78.04",
    "source":"0",
    "tradeId":"1560185237",
    "timestamp":"1783592471023"
  },
  {
    "inst_id":"SOL-USDT-SWAP",
    "side":"sell",
    "size":"64.06",
    "price":"78.03",
    "source":"0",
    "tradeId":"1560185236",
    "timestamp":"1783592470817"
  },
  {
    "inst_id":"SOL-USDT-SWAP",
    "side":"sell",
    "size":"3.93",
    "price":"78.03",
    "source":"0",
    "tradeId":"1560185235",
    "timestamp":"1783592470770"
  },
  {
    "inst_id":"SOL-USDT-SWAP",
    "side":"sell",
    "size":"0.04",
    "price":"78.04",
    "source":"0",
    "tradeId":"1560185234",
    "timestamp":"1783592470770"
  },
  {
    "inst_id":"SOL-USDT-SWAP",
    "side":"sell",
    "size":"0.02",
    "price":"78.04",
    "source":"0",
    "tradeId":"1560185233",
    "timestamp":"1783592470770"
  },
  {
    "inst_id":"SOL-USDT-SWAP",
    "side":"sell",
    "size":"0.07",
    "price":"78.04",
    "source":"0",
    "tradeId":"1560185232",
    "timestamp":"1783592470770"
  },
  {
    "inst_id":"SOL-USDT-SWAP",
    "side":"sell",
    "size":"0.84",
    "price":"78.04",
    "source":"0",
    "tradeId":"1560185231",
    "timestamp":"1783592470728"
  },
  {
    "inst_id":"SOL-USDT-SWAP",
    "side":"sell",
    "size":"0.02",
    "price":"78.04",
    "source":"0",
    "tradeId":"1560185230",
    "timestamp":"1783592470726"
  },
  {
    "inst_id":"SOL-USDT-SWAP",
    "side":"sell",
    "size":"0.81",
    "price":"78.04",
    "source":"0",
    "tradeId":"1560185229",
    "timestamp":"1783592470726"
  },
  {
    "inst_id":"SOL-USDT-SWAP",
    "side":"sell",
    "size":"98.67",
    "price":"78.04",
    "source":"0",
    "tradeId":"1560185228",
    "timestamp":"1783592470720"
  },
  {
    "inst_id":"SOL-USDT-SWAP",
    "side":"sell",
    "size":"298.48",
    "price":"78.04",
    "source":"0",
    "tradeId":"1560185227",
    "timestamp":"1783592470720"
  },
  {
    "inst_id":"SOL-USDT-SWAP",
    "side":"sell",
    "size":"299.77",
    "price":"78.04",
    "source":"0",
    "tradeId":"1560185226",
    "timestamp":"1783592470720"
  },
  {
    "inst_id":"SOL-USDT-SWAP",
    "side":"sell",
    "size":"1",
    "price":"78.04",
    "source":"0",
    "tradeId":"1560185225",
    "timestamp":"1783592470720"
  },
  {
    "inst_id":"SOL-USDT-SWAP",
    "side":"sell",
    "size":"0.08",
    "price":"78.04",
    "source":"0",
    "tradeId":"1560185224",
    "timestamp":"1783592470720"
  },
  {
    "inst_id":"SOL-USDT-SWAP",
    "side":"sell",
    "size":"0.02",
    "price":"78.04",
    "source":"0",
    "tradeId":"1560185223",
    "timestamp":"1783592470720"
  },
  {
    "inst_id":"SOL-USDT-SWAP",
    "side":"sell",
    "size":"1",
    "price":"78.04",
    "source":"0",
    "tradeId":"1560185222",
    "timestamp":"1783592470720"
  },
  {
    "inst_id":"SOL-USDT-SWAP",
    "side":"sell",
    "size":"0.04",
    "price":"78.04",
    "source":"0",
    "tradeId":"1560185221",
    "timestamp":"1783592470720"
  },
  {
    "inst_id":"SOL-USDT-SWAP",
    "side":"sell",
    "size":"0.14",
    "price":"78.04",
    "source":"0",
    "tradeId":"1560185220",
    "timestamp":"1783592470720"
  },
  {
    "inst_id":"SOL-USDT-SWAP",
    "side":"sell",
    "size":"0.01",
    "price":"78.04",
    "source":"0",
    "tradeId":"1560185219",
    "timestamp":"1783592470720"
  },
  {
    "inst_id":"SOL-USDT-SWAP",
    "side":"sell",
    "size":"0.07",
    "price":"78.04",
    "source":"0",
    "tradeId":"1560185218",
    "timestamp":"1783592470720"
  },
  {
    "inst_id":"SOL-USDT-SWAP",
    "side":"sell",
    "size":"44.37",
    "price":"78.04",
    "source":"0",
    "tradeId":"1560185217",
    "timestamp":"1783592470720"
  },
  {
    "inst_id":"SOL-USDT-SWAP",
    "side":"sell",
    "size":"23.05",
    "price":"78.04",
    "source":"0",
    "tradeId":"1560185216",
    "timestamp":"1783592470373"
  },
  {
    "inst_id":"SOL-USDT-SWAP",
    "side":"buy",
    "size":"0.01",
    "price":"78.05",
    "source":"0",
    "tradeId":"1560185215",
    "timestamp":"1783592470241"
  },
  {
    "inst_id":"SOL-USDT-SWAP",
    "side":"buy",
    "size":"2.54",
    "price":"78.05",
    "source":"0",
    "tradeId":"1560185214",
    "timestamp":"1783592469472"
  },
  {
    "inst_id":"SOL-USDT-SWAP",
    "side":"buy",
    "size":"4.29",
    "price":"78.05",
    "source":"0",
    "tradeId":"1560185213",
    "timestamp":"1783592469372"
  },
  {
    "inst_id":"SOL-USDT-SWAP",
    "side":"sell",
    "size":"6.69",
    "price":"78.04",
    "source":"0",
    "tradeId":"1560185212",
    "timestamp":"1783592469204"
  },
  {
    "inst_id":"SOL-USDT-SWAP",
    "side":"buy",
    "size":"169.63",
    "price":"78.05",
    "source":"0",
    "tradeId":"1560185211",
    "timestamp":"1783592468497"
  },
  {
    "inst_id":"SOL-USDT-SWAP",
    "side":"buy",
    "size":"103.76",
    "price":"78.05",
    "source":"0",
    "tradeId":"1560185210",
    "timestamp":"1783592468497"
  },
  {
    "inst_id":"SOL-USDT-SWAP",
    "side":"sell",
    "size":"0.08",
    "price":"78.04",
    "source":"0",
    "tradeId":"1560185209",
    "timestamp":"1783592467714"
  },
  {
    "inst_id":"SOL-USDT-SWAP",
    "side":"sell",
    "size":"10.24",
    "price":"78.04",
    "source":"0",
    "tradeId":"1560185208",
    "timestamp":"1783592465762"
  },
  {
    "inst_id":"SOL-USDT-SWAP",
    "side":"sell",
    "size":"43.05",
    "price":"78.04",
    "source":"0",
    "tradeId":"1560185207",
    "timestamp":"1783592465203"
  },
  {
    "inst_id":"SOL-USDT-SWAP",
    "side":"sell",
    "size":"14.93",
    "price":"78.04",
    "source":"0",
    "tradeId":"1560185206",
    "timestamp":"1783592465203"
  },
  {
    "inst_id":"SOL-USDT-SWAP",
    "side":"sell",
    "size":"58.23",
    "price":"78.04",
    "source":"0",
    "tradeId":"1560185205",
    "timestamp":"1783592465203"
  },
  {
    "inst_id":"SOL-USDT-SWAP",
    "side":"sell",
    "size":"1.23",
    "price":"78.04",
    "source":"0",
    "tradeId":"1560185204",
    "timestamp":"1783592465203"
  },
  {
    "inst_id":"SOL-USDT-SWAP",
    "side":"sell",
    "size":"174.52",
    "price":"78.04",
    "source":"0",
    "tradeId":"1560185203",
    "timestamp":"1783592465203"
  },
  {
    "inst_id":"SOL-USDT-SWAP",
    "side":"sell",
    "size":"175.93",
    "price":"78.04",
    "source":"0",
    "tradeId":"1560185202",
    "timestamp":"1783592465203"
  },
  {
    "inst_id":"SOL-USDT-SWAP",
    "side":"sell",
    "size":"36.36",
    "price":"78.04",
    "source":"0",
    "tradeId":"1560185201",
    "timestamp":"1783592465203"
  },
  {
    "inst_id":"SOL-USDT-SWAP",
    "side":"sell",
    "size":"157.45",
    "price":"78.04",
    "source":"0",
    "tradeId":"1560185200",
    "timestamp":"1783592465203"
  },
  {
    "inst_id":"SOL-USDT-SWAP",
    "side":"sell",
    "size":"89.7",
    "price":"78.04",
    "source":"0",
    "tradeId":"1560185199",
    "timestamp":"1783592465203"
  },
  {
    "inst_id":"SOL-USDT-SWAP",
    "side":"sell",
    "size":"4.09",
    "price":"78.04",
    "source":"0",
    "tradeId":"1560185198",
    "timestamp":"1783592465203"
  },
  {
    "inst_id":"SOL-USDT-SWAP",
    "side":"sell",
    "size":"0.15",
    "price":"78.04",
    "source":"0",
    "tradeId":"1560185197",
    "timestamp":"1783592461795"
  },
  {
    "inst_id":"SOL-USDT-SWAP",
    "side":"buy",
    "size":"0.18",
    "price":"78.05",
    "source":"0",
    "tradeId":"1560185196",
    "timestamp":"1783592461509"
  },
  {
    "inst_id":"SOL-USDT-SWAP",
    "side":"sell",
    "size":"10.24",
    "price":"78.04",
    "source":"0",
    "tradeId":"1560185195",
    "timestamp":"1783592461198"
  },
  {
    "inst_id":"SOL-USDT-SWAP",
    "side":"buy",
    "size":"0.02",
    "price":"78.04",
    "source":"0",
    "tradeId":"1560185194",
    "timestamp":"1783592460514"
  },
  {
    "inst_id":"SOL-USDT-SWAP",
    "side":"buy",
    "size":"4",
    "price":"78.04",
    "source":"0",
    "tradeId":"1560185193",
    "timestamp":"1783592460514"
  },
  {
    "inst_id":"SOL-USDT-SWAP",
    "side":"buy",
    "size":"0.09",
    "price":"78.04",
    "source":"0",
    "tradeId":"1560185192",
    "timestamp":"1783592460514"
  },
  {
    "inst_id":"SOL-USDT-SWAP",
    "side":"buy",
    "size":"0.08",
    "price":"78.04",
    "source":"0",
    "tradeId":"1560185191",
    "timestamp":"1783592460514"
  },
  {
    "inst_id":"SOL-USDT-SWAP",
    "side":"buy",
    "size":"37.5",
    "price":"78.04",
    "source":"0",
    "tradeId":"1560185190",
    "timestamp":"1783592460514"
  },
  {
    "inst_id":"SOL-USDT-SWAP",
    "side":"buy",
    "size":"0.07",
    "price":"78.04",
    "source":"0",
    "tradeId":"1560185189",
    "timestamp":"1783592460514"
  },
  {
    "inst_id":"SOL-USDT-SWAP",
    "side":"buy",
    "size":"1.95",
    "price":"78.04",
    "source":"0",
    "tradeId":"1560185188",
    "timestamp":"1783592459763"
  },
  {
    "inst_id":"SOL-USDT-SWAP",
    "side":"sell",
    "size":"0.74",
    "price":"78.03",
    "source":"0",
    "tradeId":"1560185187",
    "timestamp":"1783592459501"
  },
  {
    "inst_id":"SOL-USDT-SWAP",
    "side":"sell",
    "size":"3.71",
    "price":"78.03",
    "source":"0",
    "tradeId":"1560185186",
    "timestamp":"1783592459501"
  },
  {
    "inst_id":"SOL-USDT-SWAP",
    "side":"sell",
    "size":"1.89",
    "price":"78.03",
    "source":"0",
    "tradeId":"1560185185",
    "timestamp":"1783592459501"
  },
  {
    "inst_id":"SOL-USDT-SWAP",
    "side":"sell",
    "size":"0.19",
    "price":"78.03",
    "source":"0",
    "tradeId":"1560185184",
    "timestamp":"1783592459457"
  },
  {
    "inst_id":"SOL-USDT-SWAP",
    "side":"sell",
    "size":"14.48",
    "price":"78.03",
    "source":"0",
    "tradeId":"1560185183",
    "timestamp":"1783592459457"
  },
  {
    "inst_id":"SOL-USDT-SWAP",
    "side":"sell",
    "size":"7.24",
    "price":"78.03",
    "source":"0",
    "tradeId":"1560185182",
    "timestamp":"1783592459457"
  },
  {
    "inst_id":"SOL-USDT-SWAP",
    "side":"sell",
    "size":"3.71",
    "price":"78.03",
    "source":"0",
    "tradeId":"1560185181",
    "timestamp":"1783592459457"
  },
  {
    "inst_id":"SOL-USDT-SWAP",
    "side":"buy",
    "size":"14.24",
    "price":"78.04",
    "source":"0",
    "tradeId":"1560185180",
    "timestamp":"1783592459272"
  },
  {
    "inst_id":"SOL-USDT-SWAP",
    "side":"buy",
    "size":"0.02",
    "price":"78.04",
    "source":"0",
    "tradeId":"1560185179",
    "timestamp":"1783592459272"
  },
  {
    "inst_id":"SOL-USDT-SWAP",
    "side":"buy",
    "size":"27.79",
    "price":"78.04",
    "source":"0",
    "tradeId":"1560185178",
    "timestamp":"1783592459272"
  },
  {
    "inst_id":"SOL-USDT-SWAP",
    "side":"buy",
    "size":"0.08",
    "price":"78.04",
    "source":"0",
    "tradeId":"1560185177",
    "timestamp":"1783592459272"
  },
  {
    "inst_id":"SOL-USDT-SWAP",
    "side":"buy",
    "size":"1.47",
    "price":"78.04",
    "source":"0",
    "tradeId":"1560185176",
    "timestamp":"1783592459272"
  },
  {
    "inst_id":"SOL-USDT-SWAP",
    "side":"buy",
    "size":"96.19",
    "price":"78.04",
    "source":"0",
    "tradeId":"1560185175",
    "timestamp":"1783592459272"
  },
  {
    "inst_id":"SOL-USDT-SWAP",
    "side":"buy",
    "size":"0.02",
    "price":"78.04",
    "source":"0",
    "tradeId":"1560185174",
    "timestamp":"1783592459272"
  },
  {
    "inst_id":"SOL-USDT-SWAP",
    "side":"buy",
    "size":"0.01",
    "price":"78.04",
    "source":"0",
    "tradeId":"1560185173",
    "timestamp":"1783592459272"
  },
  {
    "inst_id":"SOL-USDT-SWAP",
    "side":"buy",
    "size":"74.11",
    "price":"78.04",
    "source":"0",
    "tradeId":"1560185172",
    "timestamp":"1783592459272"
  },
  {
    "inst_id":"SOL-USDT-SWAP",
    "side":"buy",
    "size":"2",
    "price":"78.04",
    "source":"0",
    "tradeId":"1560185171",
    "timestamp":"1783592459272"
  },
  {
    "inst_id":"SOL-USDT-SWAP",
    "side":"buy",
    "size":"2",
    "price":"78.04",
    "source":"0",
    "tradeId":"1560185170",
    "timestamp":"1783592459272"
  },
  {
    "inst_id":"SOL-USDT-SWAP",
    "side":"buy",
    "size":"0.07",
    "price":"78.04",
    "source":"0",
    "tradeId":"1560185169",
    "timestamp":"1783592459272"
  },
  {
    "inst_id":"SOL-USDT-SWAP",
    "side":"buy",
    "size":"65.39",
    "price":"78.04",
    "source":"0",
    "tradeId":"1560185168",
    "timestamp":"1783592459272"
  },
  {
    "inst_id":"SOL-USDT-SWAP",
    "side":"buy",
    "size":"1.45",
    "price":"78.04",
    "source":"0",
    "tradeId":"1560185167",
    "timestamp":"1783592458920"
  },
  {
    "inst_id":"SOL-USDT-SWAP",
    "side":"buy",
    "size":"0.01",
    "price":"78.03",
    "source":"0",
    "tradeId":"1560185166",
    "timestamp":"1783592458595"
  },
  {
    "inst_id":"SOL-USDT-SWAP",
    "side":"buy",
    "size":"0.02",
    "price":"78.03",
    "source":"0",
    "tradeId":"1560185165",
    "timestamp":"1783592458595"
  },
  {
    "inst_id":"SOL-USDT-SWAP",
    "side":"sell",
    "size":"0.01",
    "price":"78.02",
    "source":"0",
    "tradeId":"1560185264",
    "timestamp":"1783592490947"
  },
  {
    "inst_id":"SOL-USDT-SWAP",
    "side":"buy",
    "size":"0.01",
    "price":"78.03",
    "source":"0",
    "tradeId":"1560185263",
    "timestamp":"1783592490570"
  },
  {
    "inst_id":"SOL-USDT-SWAP",
    "side":"sell",
    "size":"0.1",
    "price":"78.02",
    "source":"0",
    "tradeId":"1560185262",
    "timestamp":"1783592490225"
  },
  {
    "inst_id":"SOL-USDT-SWAP",
    "side":"sell",
    "size":"0.31",
    "price":"78.02",
    "source":"0",
    "tradeId":"1560185261",
    "timestamp":"1783592488052"
  },
  {
    "inst_id":"SOL-USDT-SWAP",
    "side":"sell",
    "size":"4.41",
    "price":"78.03",
    "source":"0",
    "tradeId":"1560185260",
    "timestamp":"1783592487826"
  },
  {
    "inst_id":"SOL-USDT-SWAP",
    "side":"sell",
    "size":"0.07",
    "price":"78.03",
    "source":"0",
    "tradeId":"1560185259",
    "timestamp":"1783592487826"
  },
  {
    "inst_id":"SOL-USDT-SWAP",
    "side":"sell",
    "size":"0.59",
    "price":"78.03",
    "source":"0",
    "tradeId":"1560185258",
    "timestamp":"1783592487068"
  },
  {
    "inst_id":"SOL-USDT-SWAP",
    "side":"sell",
    "size":"29.12",
    "price":"78.03",
    "source":"0",
    "tradeId":"1560185257",
    "timestamp":"1783592485890"
  },
  {
    "inst_id":"SOL-USDT-SWAP",
    "side":"sell",
    "size":"3.95",
    "price":"78.03",
    "source":"0",
    "tradeId":"1560185256",
    "timestamp":"1783592482824"
  },
  {
    "inst_id":"SOL-USDT-SWAP",
    "side":"buy",
    "size":"6.32",
    "price":"78.04",
    "source":"0",
    "tradeId":"1560185255",
    "timestamp":"1783592482398"
  },
  {
    "inst_id":"SOL-USDT-SWAP",
    "side":"buy",
    "size":"0.28",
    "price":"78.04",
    "source":"0",
    "tradeId":"1560185254",
    "timestamp":"1783592481273"
  },
  {
    "inst_id":"SOL-USDT-SWAP",
    "side":"sell",
    "size":"0.01",
    "price":"78.03",
    "source":"0",
    "tradeId":"1560185253",
    "timestamp":"1783592480773"
  },
  {
    "inst_id":"SOL-USDT-SWAP",
    "side":"buy",
    "size":"1.93",
    "price":"78.04",
    "source":"0",
    "tradeId":"1560185252",
    "timestamp":"1783592477662"
  },
  {
    "inst_id":"SOL-USDT-SWAP",
    "side":"buy",
    "size":"0.07",
    "price":"78.04",
    "source":"0",
    "tradeId":"1560185251",
    "timestamp":"1783592477662"
  },
  {
    "inst_id":"SOL-USDT-SWAP",
    "side":"sell",
    "size":"237.42",
    "price":"78.03",
    "source":"0",
    "tradeId":"1560185250",
    "timestamp":"1783592475496"
  },
  {
    "inst_id":"SOL-USDT-SWAP",
    "side":"sell",
    "size":"1",
    "price":"78.03",
    "source":"0",
    "tradeId":"1560185249",
    "timestamp":"1783592475496"
  },
  {
    "inst_id":"SOL-USDT-SWAP",
    "side":"sell",
    "size":"1",
    "price":"78.03",
    "source":"0",
    "tradeId":"1560185248",
    "timestamp":"1783592475496"
  },
  {
    "inst_id":"SOL-USDT-SWAP",
    "side":"sell",
    "size":"3.33",
    "price":"78.03",
    "source":"0",
    "tradeId":"1560185247",
    "timestamp":"1783592475496"
  },
  {
    "inst_id":"SOL-USDT-SWAP",
    "side":"sell",
    "size":"0.18",
    "price":"78.03",
    "source":"0",
    "tradeId":"1560185246",
    "timestamp":"1783592475496"
  },
  {
    "inst_id":"SOL-USDT-SWAP",
    "side":"sell",
    "size":"0.01",
    "price":"78.03",
    "source":"0",
    "tradeId":"1560185245",
    "timestamp":"1783592475496"
  },
  {
    "inst_id":"SOL-USDT-SWAP",
    "side":"sell",
    "size":"0.07",
    "price":"78.03",
    "source":"0",
    "tradeId":"1560185244",
    "timestamp":"1783592475496"
  },
  {
    "inst_id":"SOL-USDT-SWAP",
    "side":"sell",
    "size":"0.01",
    "price":"78.03",
    "source":"0",
    "tradeId":"1560185243",
    "timestamp":"1783592475496"
  },
  {
    "inst_id":"SOL-USDT-SWAP",
    "side":"sell",
    "size":"0.07",
    "price":"78.03",
    "source":"0",
    "tradeId":"1560185242",
    "timestamp":"1783592475496"
  },
  {
    "inst_id":"SOL-USDT-SWAP",
    "side":"sell",
    "size":"155.92",
    "price":"78.03",
    "source":"0",
    "tradeId":"1560185241",
    "timestamp":"1783592475496"
  },
  {
    "inst_id":"SOL-USDT-SWAP",
    "side":"sell",
    "size":"1.38",
    "price":"78.03",
    "source":"0",
    "tradeId":"1560185240",
    "timestamp":"1783592475031"
  },
  {
    "inst_id":"SOL-USDT-SWAP",
    "side":"sell",
    "size":"0.04",
    "price":"78.03",
    "source":"0",
    "tradeId":"1560185239",
    "timestamp":"1783592472881"
  },
  {
    "inst_id":"SOL-USDT-SWAP",
    "side":"sell",
    "size":"0.09",
    "price":"78.03",
    "source":"0",
    "tradeId":"1560185238",
    "timestamp":"1783592471053"
  },
  {
    "inst_id":"SOL-USDT-SWAP",
    "side":"buy",
    "size":"0.29",
    "price":"78.04",
    "source":"0",
    "tradeId":"1560185237",
    "timestamp":"1783592471023"
  },
  {
    "inst_id":"SOL-USDT-SWAP",
    "side":"sell",
    "size":"64.06",
    "price":"78.03",
    "source":"0",
    "tradeId":"1560185236",
    "timestamp":"1783592470817"
  },
  {
    "inst_id":"SOL-USDT-SWAP",
    "side":"sell",
    "size":"3.93",
    "price":"78.03",
    "source":"0",
    "tradeId":"1560185235",
    "timestamp":"1783592470770"
  },
  {
    "inst_id":"SOL-USDT-SWAP",
    "side":"sell",
    "size":"0.04",
    "price":"78.04",
    "source":"0",
    "tradeId":"1560185234",
    "timestamp":"1783592470770"
  },
  {
    "inst_id":"SOL-USDT-SWAP",
    "side":"sell",
    "size":"0.02",
    "price":"78.04",
    "source":"0",
    "tradeId":"1560185233",
    "timestamp":"1783592470770"
  },
  {
    "inst_id":"SOL-USDT-SWAP",
    "side":"sell",
    "size":"0.07",
    "price":"78.04",
    "source":"0",
    "tradeId":"1560185232",
    "timestamp":"1783592470770"
  },
  {
    "inst_id":"SOL-USDT-SWAP",
    "side":"sell",
    "size":"0.84",
    "price":"78.04",
    "source":"0",
    "tradeId":"1560185231",
    "timestamp":"1783592470728"
  },
  {
    "inst_id":"SOL-USDT-SWAP",
    "side":"sell",
    "size":"0.02",
    "price":"78.04",
    "source":"0",
    "tradeId":"1560185230",
    "timestamp":"1783592470726"
  },
  {
    "inst_id":"SOL-USDT-SWAP",
    "side":"sell",
    "size":"0.81",
    "price":"78.04",
    "source":"0",
    "tradeId":"1560185229",
    "timestamp":"1783592470726"
  },
  {
    "inst_id":"SOL-USDT-SWAP",
    "side":"sell",
    "size":"98.67",
    "price":"78.04",
    "source":"0",
    "tradeId":"1560185228",
    "timestamp":"1783592470720"
  },
  {
    "inst_id":"SOL-USDT-SWAP",
    "side":"sell",
    "size":"298.48",
    "price":"78.04",
    "source":"0",
    "tradeId":"1560185227",
    "timestamp":"1783592470720"
  },
  {
    "inst_id":"SOL-USDT-SWAP",
    "side":"sell",
    "size":"299.77",
    "price":"78.04",
    "source":"0",
    "tradeId":"1560185226",
    "timestamp":"1783592470720"
  },
  {
    "inst_id":"SOL-USDT-SWAP",
    "side":"sell",
    "size":"1",
    "price":"78.04",
    "source":"0",
    "tradeId":"1560185225",
    "timestamp":"1783592470720"
  },
  {
    "inst_id":"SOL-USDT-SWAP",
    "side":"sell",
    "size":"0.08",
    "price":"78.04",
    "source":"0",
    "tradeId":"1560185224",
    "timestamp":"1783592470720"
  },
  {
    "inst_id":"SOL-USDT-SWAP",
    "side":"sell",
    "size":"0.02",
    "price":"78.04",
    "source":"0",
    "tradeId":"1560185223",
    "timestamp":"1783592470720"
  },
  {
    "inst_id":"SOL-USDT-SWAP",
    "side":"sell",
    "size":"1",
    "price":"78.04",
    "source":"0",
    "tradeId":"1560185222",
    "timestamp":"1783592470720"
  },
  {
    "inst_id":"SOL-USDT-SWAP",
    "side":"sell",
    "size":"0.04",
    "price":"78.04",
    "source":"0",
    "tradeId":"1560185221",
    "timestamp":"1783592470720"
  },
  {
    "inst_id":"SOL-USDT-SWAP",
    "side":"sell",
    "size":"0.14",
    "price":"78.04",
    "source":"0",
    "tradeId":"1560185220",
    "timestamp":"1783592470720"
  },
  {
    "inst_id":"SOL-USDT-SWAP",
    "side":"sell",
    "size":"0.01",
    "price":"78.04",
    "source":"0",
    "tradeId":"1560185219",
    "timestamp":"1783592470720"
  },
  {
    "inst_id":"SOL-USDT-SWAP",
    "side":"sell",
    "size":"0.07",
    "price":"78.04",
    "source":"0",
    "tradeId":"1560185218",
    "timestamp":"1783592470720"
  },
  {
    "inst_id":"SOL-USDT-SWAP",
    "side":"sell",
    "size":"44.37",
    "price":"78.04",
    "source":"0",
    "tradeId":"1560185217",
    "timestamp":"1783592470720"
  },
  {
    "inst_id":"SOL-USDT-SWAP",
    "side":"sell",
    "size":"23.05",
    "price":"78.04",
    "source":"0",
    "tradeId":"1560185216",
    "timestamp":"1783592470373"
  },
  {
    "inst_id":"SOL-USDT-SWAP",
    "side":"buy",
    "size":"0.01",
    "price":"78.05",
    "source":"0",
    "tradeId":"1560185215",
    "timestamp":"1783592470241"
  },
  {
    "inst_id":"SOL-USDT-SWAP",
    "side":"buy",
    "size":"2.54",
    "price":"78.05",
    "source":"0",
    "tradeId":"1560185214",
    "timestamp":"1783592469472"
  },
  {
    "inst_id":"SOL-USDT-SWAP",
    "side":"buy",
    "size":"4.29",
    "price":"78.05",
    "source":"0",
    "tradeId":"1560185213",
    "timestamp":"1783592469372"
  },
  {
    "inst_id":"SOL-USDT-SWAP",
    "side":"sell",
    "size":"6.69",
    "price":"78.04",
    "source":"0",
    "tradeId":"1560185212",
    "timestamp":"1783592469204"
  },
  {
    "inst_id":"SOL-USDT-SWAP",
    "side":"buy",
    "size":"169.63",
    "price":"78.05",
    "source":"0",
    "tradeId":"1560185211",
    "timestamp":"1783592468497"
  },
  {
    "inst_id":"SOL-USDT-SWAP",
    "side":"buy",
    "size":"103.76",
    "price":"78.05",
    "source":"0",
    "tradeId":"1560185210",
    "timestamp":"1783592468497"
  },
  {
    "inst_id":"SOL-USDT-SWAP",
    "side":"sell",
    "size":"0.08",
    "price":"78.04",
    "source":"0",
    "tradeId":"1560185209",
    "timestamp":"1783592467714"
  },
  {
    "inst_id":"SOL-USDT-SWAP",
    "side":"sell",
    "size":"10.24",
    "price":"78.04",
    "source":"0",
    "tradeId":"1560185208",
    "timestamp":"1783592465762"
  },
  {
    "inst_id":"SOL-USDT-SWAP",
    "side":"sell",
    "size":"43.05",
    "price":"78.04",
    "source":"0",
    "tradeId":"1560185207",
    "timestamp":"1783592465203"
  },
  {
    "inst_id":"SOL-USDT-SWAP",
    "side":"sell",
    "size":"14.93",
    "price":"78.04",
    "source":"0",
    "tradeId":"1560185206",
    "timestamp":"1783592465203"
  },
  {
    "inst_id":"SOL-USDT-SWAP",
    "side":"sell",
    "size":"58.23",
    "price":"78.04",
    "source":"0",
    "tradeId":"1560185205",
    "timestamp":"1783592465203"
  },
  {
    "inst_id":"SOL-USDT-SWAP",
    "side":"sell",
    "size":"1.23",
    "price":"78.04",
    "source":"0",
    "tradeId":"1560185204",
    "timestamp":"1783592465203"
  },
  {
    "inst_id":"SOL-USDT-SWAP",
    "side":"sell",
    "size":"174.52",
    "price":"78.04",
    "source":"0",
    "tradeId":"1560185203",
    "timestamp":"1783592465203"
  },
  {
    "inst_id":"SOL-USDT-SWAP",
    "side":"sell",
    "size":"175.93",
    "price":"78.04",
    "source":"0",
    "tradeId":"1560185202",
    "timestamp":"1783592465203"
  },
  {
    "inst_id":"SOL-USDT-SWAP",
    "side":"sell",
    "size":"36.36",
    "price":"78.04",
    "source":"0",
    "tradeId":"1560185201",
    "timestamp":"1783592465203"
  },
  {
    "inst_id":"SOL-USDT-SWAP",
    "side":"sell",
    "size":"157.45",
    "price":"78.04",
    "source":"0",
    "tradeId":"1560185200",
    "timestamp":"1783592465203"
  },
  {
    "inst_id":"SOL-USDT-SWAP",
    "side":"sell",
    "size":"89.7",
    "price":"78.04",
    "source":"0",
    "tradeId":"1560185199",
    "timestamp":"1783592465203"
  },
  {
    "inst_id":"SOL-USDT-SWAP",
    "side":"sell",
    "size":"4.09",
    "price":"78.04",
    "source":"0",
    "tradeId":"1560185198",
    "timestamp":"1783592465203"
  },
  {
    "inst_id":"SOL-USDT-SWAP",
    "side":"sell",
    "size":"0.15",
    "price":"78.04",
    "source":"0",
    "tradeId":"1560185197",
    "timestamp":"1783592461795"
  },
  {
    "inst_id":"SOL-USDT-SWAP",
    "side":"buy",
    "size":"0.18",
    "price":"78.05",
    "source":"0",
    "tradeId":"1560185196",
    "timestamp":"1783592461509"
  },
  {
    "inst_id":"SOL-USDT-SWAP",
    "side":"sell",
    "size":"10.24",
    "price":"78.04",
    "source":"0",
    "tradeId":"1560185195",
    "timestamp":"1783592461198"
  },
  {
    "inst_id":"SOL-USDT-SWAP",
    "side":"buy",
    "size":"0.02",
    "price":"78.04",
    "source":"0",
    "tradeId":"1560185194",
    "timestamp":"1783592460514"
  },
  {
    "inst_id":"SOL-USDT-SWAP",
    "side":"buy",
    "size":"4",
    "price":"78.04",
    "source":"0",
    "tradeId":"1560185193",
    "timestamp":"1783592460514"
  },
  {
    "inst_id":"SOL-USDT-SWAP",
    "side":"buy",
    "size":"0.09",
    "price":"78.04",
    "source":"0",
    "tradeId":"1560185192",
    "timestamp":"1783592460514"
  },
  {
    "inst_id":"SOL-USDT-SWAP",
    "side":"buy",
    "size":"0.08",
    "price":"78.04",
    "source":"0",
    "tradeId":"1560185191",
    "timestamp":"1783592460514"
  },
  {
    "inst_id":"SOL-USDT-SWAP",
    "side":"buy",
    "size":"37.5",
    "price":"78.04",
    "source":"0",
    "tradeId":"1560185190",
    "timestamp":"1783592460514"
  },
  {
    "inst_id":"SOL-USDT-SWAP",
    "side":"buy",
    "size":"0.07",
    "price":"78.04",
    "source":"0",
    "tradeId":"1560185189",
    "timestamp":"1783592460514"
  },
  {
    "inst_id":"SOL-USDT-SWAP",
    "side":"buy",
    "size":"1.95",
    "price":"78.04",
    "source":"0",
    "tradeId":"1560185188",
    "timestamp":"1783592459763"
  },
  {
    "inst_id":"SOL-USDT-SWAP",
    "side":"sell",
    "size":"0.74",
    "price":"78.03",
    "source":"0",
    "tradeId":"1560185187",
    "timestamp":"1783592459501"
  },
  {
    "inst_id":"SOL-USDT-SWAP",
    "side":"sell",
    "size":"3.71",
    "price":"78.03",
    "source":"0",
    "tradeId":"1560185186",
    "timestamp":"1783592459501"
  },
  {
    "inst_id":"SOL-USDT-SWAP",
    "side":"sell",
    "size":"1.89",
    "price":"78.03",
    "source":"0",
    "tradeId":"1560185185",
    "timestamp":"1783592459501"
  },
  {
    "inst_id":"SOL-USDT-SWAP",
    "side":"sell",
    "size":"0.19",
    "price":"78.03",
    "source":"0",
    "tradeId":"1560185184",
    "timestamp":"1783592459457"
  },
  {
    "inst_id":"SOL-USDT-SWAP",
    "side":"sell",
    "size":"14.48",
    "price":"78.03",
    "source":"0",
    "tradeId":"1560185183",
    "timestamp":"1783592459457"
  },
  {
    "inst_id":"SOL-USDT-SWAP",
    "side":"sell",
    "size":"7.24",
    "price":"78.03",
    "source":"0",
    "tradeId":"1560185182",
    "timestamp":"1783592459457"
  },
  {
    "inst_id":"SOL-USDT-SWAP",
    "side":"sell",
    "size":"3.71",
    "price":"78.03",
    "source":"0",
    "tradeId":"1560185181",
    "timestamp":"1783592459457"
  },
  {
    "inst_id":"SOL-USDT-SWAP",
    "side":"buy",
    "size":"14.24",
    "price":"78.04",
    "source":"0",
    "tradeId":"1560185180",
    "timestamp":"1783592459272"
  },
  {
    "inst_id":"SOL-USDT-SWAP",
    "side":"buy",
    "size":"0.02",
    "price":"78.04",
    "source":"0",
    "tradeId":"1560185179",
    "timestamp":"1783592459272"
  },
  {
    "inst_id":"SOL-USDT-SWAP",
    "side":"buy",
    "size":"27.79",
    "price":"78.04",
    "source":"0",
    "tradeId":"1560185178",
    "timestamp":"1783592459272"
  },
  {
    "inst_id":"SOL-USDT-SWAP",
    "side":"buy",
    "size":"0.08",
    "price":"78.04",
    "source":"0",
    "tradeId":"1560185177",
    "timestamp":"1783592459272"
  },
  {
    "inst_id":"SOL-USDT-SWAP",
    "side":"buy",
    "size":"1.47",
    "price":"78.04",
    "source":"0",
    "tradeId":"1560185176",
    "timestamp":"1783592459272"
  },
  {
    "inst_id":"SOL-USDT-SWAP",
    "side":"buy",
    "size":"96.19",
    "price":"78.04",
    "source":"0",
    "tradeId":"1560185175",
    "timestamp":"1783592459272"
  },
  {
    "inst_id":"SOL-USDT-SWAP",
    "side":"buy",
    "size":"0.02",
    "price":"78.04",
    "source":"0",
    "tradeId":"1560185174",
    "timestamp":"1783592459272"
  },
  {
    "inst_id":"SOL-USDT-SWAP",
    "side":"buy",
    "size":"0.01",
    "price":"78.04",
    "source":"0",
    "tradeId":"1560185173",
    "timestamp":"1783592459272"
  },
  {
    "inst_id":"SOL-USDT-SWAP",
    "side":"buy",
    "size":"74.11",
    "price":"78.04",
    "source":"0",
    "tradeId":"1560185172",
    "timestamp":"1783592459272"
  },
  {
    "inst_id":"SOL-USDT-SWAP",
    "side":"buy",
    "size":"2",
    "price":"78.04",
    "source":"0",
    "tradeId":"1560185171",
    "timestamp":"1783592459272"
  },
  {
    "inst_id":"SOL-USDT-SWAP",
    "side":"buy",
    "size":"2",
    "price":"78.04",
    "source":"0",
    "tradeId":"1560185170",
    "timestamp":"1783592459272"
  },
  {
    "inst_id":"SOL-USDT-SWAP",
    "side":"buy",
    "size":"0.07",
    "price":"78.04",
    "source":"0",
    "tradeId":"1560185169",
    "timestamp":"1783592459272"
  },
  {
    "inst_id":"SOL-USDT-SWAP",
    "side":"buy",
    "size":"65.39",
    "price":"78.04",
    "source":"0",
    "tradeId":"1560185168",
    "timestamp":"1783592459272"
  },
  {
    "inst_id":"SOL-USDT-SWAP",
    "side":"buy",
    "size":"1.45",
    "price":"78.04",
    "source":"0",
    "tradeId":"1560185167",
    "timestamp":"1783592458920"
  },
  {
    "inst_id":"SOL-USDT-SWAP",
    "side":"buy",
    "size":"0.01",
    "price":"78.03",
    "source":"0",
    "tradeId":"1560185166",
    "timestamp":"1783592458595"
  },
  {
    "inst_id":"SOL-USDT-SWAP",
    "side":"buy",
    "size":"0.02",
    "price":"78.03",
    "source":"0",
    "tradeId":"1560185165",
    "timestamp":"1783592458595"
  },
  {
    "inst_id":"SOL-USDT-SWAP",
    "side":"buy",
    "size":"0.14",
    "price":"78.03",
    "source":"0",
    "tradeId":"1560185265",
    "timestamp":"1783592491508"
  },
  {
    "inst_id":"SOL-USDT-SWAP",
    "side":"sell",
    "size":"0.01",
    "price":"78.02",
    "source":"0",
    "tradeId":"1560185264",
    "timestamp":"1783592490947"
  },
  {
    "inst_id":"SOL-USDT-SWAP",
    "side":"buy",
    "size":"0.01",
    "price":"78.03",
    "source":"0",
    "tradeId":"1560185263",
    "timestamp":"1783592490570"
  },
  {
    "inst_id":"SOL-USDT-SWAP",
    "side":"sell",
    "size":"0.1",
    "price":"78.02",
    "source":"0",
    "tradeId":"1560185262",
    "timestamp":"1783592490225"
  },
  {
    "inst_id":"SOL-USDT-SWAP",
    "side":"sell",
    "size":"0.31",
    "price":"78.02",
    "source":"0",
    "tradeId":"1560185261",
    "timestamp":"1783592488052"
  },
  {
    "inst_id":"SOL-USDT-SWAP",
    "side":"sell",
    "size":"4.41",
    "price":"78.03",
    "source":"0",
    "tradeId":"1560185260",
    "timestamp":"1783592487826"
  },
  {
    "inst_id":"SOL-USDT-SWAP",
    "side":"sell",
    "size":"0.07",
    "price":"78.03",
    "source":"0",
    "tradeId":"1560185259",
    "timestamp":"1783592487826"
  },
  {
    "inst_id":"SOL-USDT-SWAP",
    "side":"sell",
    "size":"0.59",
    "price":"78.03",
    "source":"0",
    "tradeId":"1560185258",
    "timestamp":"1783592487068"
  },
  {
    "inst_id":"SOL-USDT-SWAP",
    "side":"sell",
    "size":"29.12",
    "price":"78.03",
    "source":"0",
    "tradeId":"1560185257",
    "timestamp":"1783592485890"
  },
  {
    "inst_id":"SOL-USDT-SWAP",
    "side":"sell",
    "size":"3.95",
    "price":"78.03",
    "source":"0",
    "tradeId":"1560185256",
    "timestamp":"1783592482824"
  },
  {
    "inst_id":"SOL-USDT-SWAP",
    "side":"buy",
    "size":"6.32",
    "price":"78.04",
    "source":"0",
    "tradeId":"1560185255",
    "timestamp":"1783592482398"
  },
  {
    "inst_id":"SOL-USDT-SWAP",
    "side":"buy",
    "size":"0.28",
    "price":"78.04",
    "source":"0",
    "tradeId":"1560185254",
    "timestamp":"1783592481273"
  },
  {
    "inst_id":"SOL-USDT-SWAP",
    "side":"sell",
    "size":"0.01",
    "price":"78.03",
    "source":"0",
    "tradeId":"1560185253",
    "timestamp":"1783592480773"
  },
  {
    "inst_id":"SOL-USDT-SWAP",
    "side":"buy",
    "size":"1.93",
    "price":"78.04",
    "source":"0",
    "tradeId":"1560185252",
    "timestamp":"1783592477662"
  },
  {
    "inst_id":"SOL-USDT-SWAP",
    "side":"buy",
    "size":"0.07",
    "price":"78.04",
    "source":"0",
    "tradeId":"1560185251",
    "timestamp":"1783592477662"
  },
  {
    "inst_id":"SOL-USDT-SWAP",
    "side":"sell",
    "size":"237.42",
    "price":"78.03",
    "source":"0",
    "tradeId":"1560185250",
    "timestamp":"1783592475496"
  },
  {
    "inst_id":"SOL-USDT-SWAP",
    "side":"sell",
    "size":"1",
    "price":"78.03",
    "source":"0",
    "tradeId":"1560185249",
    "timestamp":"1783592475496"
  },
  {
    "inst_id":"SOL-USDT-SWAP",
    "side":"sell",
    "size":"1",
    "price":"78.03",
    "source":"0",
    "tradeId":"1560185248",
    "timestamp":"1783592475496"
  },
  {
    "inst_id":"SOL-USDT-SWAP",
    "side":"sell",
    "size":"3.33",
    "price":"78.03",
    "source":"0",
    "tradeId":"1560185247",
    "timestamp":"1783592475496"
  },
  {
    "inst_id":"SOL-USDT-SWAP",
    "side":"sell",
    "size":"0.18",
    "price":"78.03",
    "source":"0",
    "tradeId":"1560185246",
    "timestamp":"1783592475496"
  },
  {
    "inst_id":"SOL-USDT-SWAP",
    "side":"sell",
    "size":"0.01",
    "price":"78.03",
    "source":"0",
    "tradeId":"1560185245",
    "timestamp":"1783592475496"
  },
  {
    "inst_id":"SOL-USDT-SWAP",
    "side":"sell",
    "size":"0.07",
    "price":"78.03",
    "source":"0",
    "tradeId":"1560185244",
    "timestamp":"1783592475496"
  },
  {
    "inst_id":"SOL-USDT-SWAP",
    "side":"sell",
    "size":"0.01",
    "price":"78.03",
    "source":"0",
    "tradeId":"1560185243",
    "timestamp":"1783592475496"
  },
  {
    "inst_id":"SOL-USDT-SWAP",
    "side":"sell",
    "size":"0.07",
    "price":"78.03",
    "source":"0",
    "tradeId":"1560185242",
    "timestamp":"1783592475496"
  },
  {
    "inst_id":"SOL-USDT-SWAP",
    "side":"sell",
    "size":"155.92",
    "price":"78.03",
    "source":"0",
    "tradeId":"1560185241",
    "timestamp":"1783592475496"
  },
  {
    "inst_id":"SOL-USDT-SWAP",
    "side":"sell",
    "size":"1.38",
    "price":"78.03",
    "source":"0",
    "tradeId":"1560185240",
    "timestamp":"1783592475031"
  },
  {
    "inst_id":"SOL-USDT-SWAP",
    "side":"sell",
    "size":"0.04",
    "price":"78.03",
    "source":"0",
    "tradeId":"1560185239",
    "timestamp":"1783592472881"
  },
  {
    "inst_id":"SOL-USDT-SWAP",
    "side":"sell",
    "size":"0.09",
    "price":"78.03",
    "source":"0",
    "tradeId":"1560185238",
    "timestamp":"1783592471053"
  },
  {
    "inst_id":"SOL-USDT-SWAP",
    "side":"buy",
    "size":"0.29",
    "price":"78.04",
    "source":"0",
    "tradeId":"1560185237",
    "timestamp":"1783592471023"
  },
  {
    "inst_id":"SOL-USDT-SWAP",
    "side":"sell",
    "size":"64.06",
    "price":"78.03",
    "source":"0",
    "tradeId":"1560185236",
    "timestamp":"1783592470817"
  },
  {
    "inst_id":"SOL-USDT-SWAP",
    "side":"sell",
    "size":"3.93",
    "price":"78.03",
    "source":"0",
    "tradeId":"1560185235",
    "timestamp":"1783592470770"
  },
  {
    "inst_id":"SOL-USDT-SWAP",
    "side":"sell",
    "size":"0.04",
    "price":"78.04",
    "source":"0",
    "tradeId":"1560185234",
    "timestamp":"1783592470770"
  },
  {
    "inst_id":"SOL-USDT-SWAP",
    "side":"sell",
    "size":"0.02",
    "price":"78.04",
    "source":"0",
    "tradeId":"1560185233",
    "timestamp":"1783592470770"
  },
  {
    "inst_id":"SOL-USDT-SWAP",
    "side":"sell",
    "size":"0.07",
    "price":"78.04",
    "source":"0",
    "tradeId":"1560185232",
    "timestamp":"1783592470770"
  },
  {
    "inst_id":"SOL-USDT-SWAP",
    "side":"sell",
    "size":"0.84",
    "price":"78.04",
    "source":"0",
    "tradeId":"1560185231",
    "timestamp":"1783592470728"
  },
  {
    "inst_id":"SOL-USDT-SWAP",
    "side":"sell",
    "size":"0.02",
    "price":"78.04",
    "source":"0",
    "tradeId":"1560185230",
    "timestamp":"1783592470726"
  },
  {
    "inst_id":"SOL-USDT-SWAP",
    "side":"sell",
    "size":"0.81",
    "price":"78.04",
    "source":"0",
    "tradeId":"1560185229",
    "timestamp":"1783592470726"
  },
  {
    "inst_id":"SOL-USDT-SWAP",
    "side":"sell",
    "size":"98.67",
    "price":"78.04",
    "source":"0",
    "tradeId":"1560185228",
    "timestamp":"1783592470720"
  },
  {
    "inst_id":"SOL-USDT-SWAP",
    "side":"sell",
    "size":"298.48",
    "price":"78.04",
    "source":"0",
    "tradeId":"1560185227",
    "timestamp":"1783592470720"
  },
  {
    "inst_id":"SOL-USDT-SWAP",
    "side":"sell",
    "size":"299.77",
    "price":"78.04",
    "source":"0",
    "tradeId":"1560185226",
    "timestamp":"1783592470720"
  },
  {
    "inst_id":"SOL-USDT-SWAP",
    "side":"sell",
    "size":"1",
    "price":"78.04",
    "source":"0",
    "tradeId":"1560185225",
    "timestamp":"1783592470720"
  },
  {
    "inst_id":"SOL-USDT-SWAP",
    "side":"sell",
    "size":"0.08",
    "price":"78.04",
    "source":"0",
    "tradeId":"1560185224",
    "timestamp":"1783592470720"
  },
  {
    "inst_id":"SOL-USDT-SWAP",
    "side":"sell",
    "size":"0.02",
    "price":"78.04",
    "source":"0",
    "tradeId":"1560185223",
    "timestamp":"1783592470720"
  },
  {
    "inst_id":"SOL-USDT-SWAP",
    "side":"sell",
    "size":"1",
    "price":"78.04",
    "source":"0",
    "tradeId":"1560185222",
    "timestamp":"1783592470720"
  },
  {
    "inst_id":"SOL-USDT-SWAP",
    "side":"sell",
    "size":"0.04",
    "price":"78.04",
    "source":"0",
    "tradeId":"1560185221",
    "timestamp":"1783592470720"
  },
  {
    "inst_id":"SOL-USDT-SWAP",
    "side":"sell",
    "size":"0.14",
    "price":"78.04",
    "source":"0",
    "tradeId":"1560185220",
    "timestamp":"1783592470720"
  },
  {
    "inst_id":"SOL-USDT-SWAP",
    "side":"sell",
    "size":"0.01",
    "price":"78.04",
    "source":"0",
    "tradeId":"1560185219",
    "timestamp":"1783592470720"
  },
  {
    "inst_id":"SOL-USDT-SWAP",
    "side":"sell",
    "size":"0.07",
    "price":"78.04",
    "source":"0",
    "tradeId":"1560185218",
    "timestamp":"1783592470720"
  },
  {
    "inst_id":"SOL-USDT-SWAP",
    "side":"sell",
    "size":"44.37",
    "price":"78.04",
    "source":"0",
    "tradeId":"1560185217",
    "timestamp":"1783592470720"
  },
  {
    "inst_id":"SOL-USDT-SWAP",
    "side":"sell",
    "size":"23.05",
    "price":"78.04",
    "source":"0",
    "tradeId":"1560185216",
    "timestamp":"1783592470373"
  },
  {
    "inst_id":"SOL-USDT-SWAP",
    "side":"buy",
    "size":"0.01",
    "price":"78.05",
    "source":"0",
    "tradeId":"1560185215",
    "timestamp":"1783592470241"
  },
  {
    "inst_id":"SOL-USDT-SWAP",
    "side":"buy",
    "size":"2.54",
    "price":"78.05",
    "source":"0",
    "tradeId":"1560185214",
    "timestamp":"1783592469472"
  },
  {
    "inst_id":"SOL-USDT-SWAP",
    "side":"buy",
    "size":"4.29",
    "price":"78.05",
    "source":"0",
    "tradeId":"1560185213",
    "timestamp":"1783592469372"
  },
  {
    "inst_id":"SOL-USDT-SWAP",
    "side":"sell",
    "size":"6.69",
    "price":"78.04",
    "source":"0",
    "tradeId":"1560185212",
    "timestamp":"1783592469204"
  },
  {
    "inst_id":"SOL-USDT-SWAP",
    "side":"buy",
    "size":"169.63",
    "price":"78.05",
    "source":"0",
    "tradeId":"1560185211",
    "timestamp":"1783592468497"
  },
  {
    "inst_id":"SOL-USDT-SWAP",
    "side":"buy",
    "size":"103.76",
    "price":"78.05",
    "source":"0",
    "tradeId":"1560185210",
    "timestamp":"1783592468497"
  },
  {
    "inst_id":"SOL-USDT-SWAP",
    "side":"sell",
    "size":"0.08",
    "price":"78.04",
    "source":"0",
    "tradeId":"1560185209",
    "timestamp":"1783592467714"
  },
  {
    "inst_id":"SOL-USDT-SWAP",
    "side":"sell",
    "size":"10.24",
    "price":"78.04",
    "source":"0",
    "tradeId":"1560185208",
    "timestamp":"1783592465762"
  },
  {
    "inst_id":"SOL-USDT-SWAP",
    "side":"sell",
    "size":"43.05",
    "price":"78.04",
    "source":"0",
    "tradeId":"1560185207",
    "timestamp":"1783592465203"
  },
  {
    "inst_id":"SOL-USDT-SWAP",
    "side":"sell",
    "size":"14.93",
    "price":"78.04",
    "source":"0",
    "tradeId":"1560185206",
    "timestamp":"1783592465203"
  },
  {
    "inst_id":"SOL-USDT-SWAP",
    "side":"sell",
    "size":"58.23",
    "price":"78.04",
    "source":"0",
    "tradeId":"1560185205",
    "timestamp":"1783592465203"
  },
  {
    "inst_id":"SOL-USDT-SWAP",
    "side":"sell",
    "size":"1.23",
    "price":"78.04",
    "source":"0",
    "tradeId":"1560185204",
    "timestamp":"1783592465203"
  },
  {
    "inst_id":"SOL-USDT-SWAP",
    "side":"sell",
    "size":"174.52",
    "price":"78.04",
    "source":"0",
    "tradeId":"1560185203",
    "timestamp":"1783592465203"
  },
  {
    "inst_id":"SOL-USDT-SWAP",
    "side":"sell",
    "size":"175.93",
    "price":"78.04",
    "source":"0",
    "tradeId":"1560185202",
    "timestamp":"1783592465203"
  },
  {
    "inst_id":"SOL-USDT-SWAP",
    "side":"sell",
    "size":"36.36",
    "price":"78.04",
    "source":"0",
    "tradeId":"1560185201",
    "timestamp":"1783592465203"
  },
  {
    "inst_id":"SOL-USDT-SWAP",
    "side":"sell",
    "size":"157.45",
    "price":"78.04",
    "source":"0",
    "tradeId":"1560185200",
    "timestamp":"1783592465203"
  },
  {
    "inst_id":"SOL-USDT-SWAP",
    "side":"sell",
    "size":"89.7",
    "price":"78.04",
    "source":"0",
    "tradeId":"1560185199",
    "timestamp":"1783592465203"
  },
  {
    "inst_id":"SOL-USDT-SWAP",
    "side":"sell",
    "size":"4.09",
    "price":"78.04",
    "source":"0",
    "tradeId":"1560185198",
    "timestamp":"1783592465203"
  },
  {
    "inst_id":"SOL-USDT-SWAP",
    "side":"sell",
    "size":"0.15",
    "price":"78.04",
    "source":"0",
    "tradeId":"1560185197",
    "timestamp":"1783592461795"
  },
  {
    "inst_id":"SOL-USDT-SWAP",
    "side":"buy",
    "size":"0.18",
    "price":"78.05",
    "source":"0",
    "tradeId":"1560185196",
    "timestamp":"1783592461509"
  },
  {
    "inst_id":"SOL-USDT-SWAP",
    "side":"sell",
    "size":"10.24",
    "price":"78.04",
    "source":"0",
    "tradeId":"1560185195",
    "timestamp":"1783592461198"
  },
  {
    "inst_id":"SOL-USDT-SWAP",
    "side":"buy",
    "size":"0.02",
    "price":"78.04",
    "source":"0",
    "tradeId":"1560185194",
    "timestamp":"1783592460514"
  },
  {
    "inst_id":"SOL-USDT-SWAP",
    "side":"buy",
    "size":"4",
    "price":"78.04",
    "source":"0",
    "tradeId":"1560185193",
    "timestamp":"1783592460514"
  },
  {
    "inst_id":"SOL-USDT-SWAP",
    "side":"buy",
    "size":"0.09",
    "price":"78.04",
    "source":"0",
    "tradeId":"1560185192",
    "timestamp":"1783592460514"
  },
  {
    "inst_id":"SOL-USDT-SWAP",
    "side":"buy",
    "size":"0.08",
    "price":"78.04",
    "source":"0",
    "tradeId":"1560185191",
    "timestamp":"1783592460514"
  },
  {
    "inst_id":"SOL-USDT-SWAP",
    "side":"buy",
    "size":"37.5",
    "price":"78.04",
    "source":"0",
    "tradeId":"1560185190",
    "timestamp":"1783592460514"
  },
  {
    "inst_id":"SOL-USDT-SWAP",
    "side":"buy",
    "size":"0.07",
    "price":"78.04",
    "source":"0",
    "tradeId":"1560185189",
    "timestamp":"1783592460514"
  },
  {
    "inst_id":"SOL-USDT-SWAP",
    "side":"buy",
    "size":"1.95",
    "price":"78.04",
    "source":"0",
    "tradeId":"1560185188",
    "timestamp":"1783592459763"
  },
  {
    "inst_id":"SOL-USDT-SWAP",
    "side":"sell",
    "size":"0.74",
    "price":"78.03",
    "source":"0",
    "tradeId":"1560185187",
    "timestamp":"1783592459501"
  },
  {
    "inst_id":"SOL-USDT-SWAP",
    "side":"sell",
    "size":"3.71",
    "price":"78.03",
    "source":"0",
    "tradeId":"1560185186",
    "timestamp":"1783592459501"
  },
  {
    "inst_id":"SOL-USDT-SWAP",
    "side":"sell",
    "size":"1.89",
    "price":"78.03",
    "source":"0",
    "tradeId":"1560185185",
    "timestamp":"1783592459501"
  },
  {
    "inst_id":"SOL-USDT-SWAP",
    "side":"sell",
    "size":"0.19",
    "price":"78.03",
    "source":"0",
    "tradeId":"1560185184",
    "timestamp":"1783592459457"
  },
  {
    "inst_id":"SOL-USDT-SWAP",
    "side":"sell",
    "size":"14.48",
    "price":"78.03",
    "source":"0",
    "tradeId":"1560185183",
    "timestamp":"1783592459457"
  },
  {
    "inst_id":"SOL-USDT-SWAP",
    "side":"sell",
    "size":"7.24",
    "price":"78.03",
    "source":"0",
    "tradeId":"1560185182",
    "timestamp":"1783592459457"
  },
  {
    "inst_id":"SOL-USDT-SWAP",
    "side":"sell",
    "size":"3.71",
    "price":"78.03",
    "source":"0",
    "tradeId":"1560185181",
    "timestamp":"1783592459457"
  },
  {
    "inst_id":"SOL-USDT-SWAP",
    "side":"buy",
    "size":"14.24",
    "price":"78.04",
    "source":"0",
    "tradeId":"1560185180",
    "timestamp":"1783592459272"
  },
  {
    "inst_id":"SOL-USDT-SWAP",
    "side":"buy",
    "size":"0.02",
    "price":"78.04",
    "source":"0",
    "tradeId":"1560185179",
    "timestamp":"1783592459272"
  },
  {
    "inst_id":"SOL-USDT-SWAP",
    "side":"buy",
    "size":"27.79",
    "price":"78.04",
    "source":"0",
    "tradeId":"1560185178",
    "timestamp":"1783592459272"
  },
  {
    "inst_id":"SOL-USDT-SWAP",
    "side":"buy",
    "size":"0.08",
    "price":"78.04",
    "source":"0",
    "tradeId":"1560185177",
    "timestamp":"1783592459272"
  },
  {
    "inst_id":"SOL-USDT-SWAP",
    "side":"buy",
    "size":"1.47",
    "price":"78.04",
    "source":"0",
    "tradeId":"1560185176",
    "timestamp":"1783592459272"
  },
  {
    "inst_id":"SOL-USDT-SWAP",
    "side":"buy",
    "size":"96.19",
    "price":"78.04",
    "source":"0",
    "tradeId":"1560185175",
    "timestamp":"1783592459272"
  },
  {
    "inst_id":"SOL-USDT-SWAP",
    "side":"buy",
    "size":"0.02",
    "price":"78.04",
    "source":"0",
    "tradeId":"1560185174",
    "timestamp":"1783592459272"
  },
  {
    "inst_id":"SOL-USDT-SWAP",
    "side":"buy",
    "size":"0.01",
    "price":"78.04",
    "source":"0",
    "tradeId":"1560185173",
    "timestamp":"1783592459272"
  },
  {
    "inst_id":"SOL-USDT-SWAP",
    "side":"buy",
    "size":"74.11",
    "price":"78.04",
    "source":"0",
    "tradeId":"1560185172",
    "timestamp":"1783592459272"
  },
  {
    "inst_id":"SOL-USDT-SWAP",
    "side":"buy",
    "size":"2",
    "price":"78.04",
    "source":"0",
    "tradeId":"1560185171",
    "timestamp":"1783592459272"
  },
  {
    "inst_id":"SOL-USDT-SWAP",
    "side":"buy",
    "size":"2",
    "price":"78.04",
    "source":"0",
    "tradeId":"1560185170",
    "timestamp":"1783592459272"
  },
  {
    "inst_id":"SOL-USDT-SWAP",
    "side":"buy",
    "size":"0.07",
    "price":"78.04",
    "source":"0",
    "tradeId":"1560185169",
    "timestamp":"1783592459272"
  },
  {
    "inst_id":"SOL-USDT-SWAP",
    "side":"buy",
    "size":"65.39",
    "price":"78.04",
    "source":"0",
    "tradeId":"1560185168",
    "timestamp":"1783592459272"
  },
  {
    "inst_id":"SOL-USDT-SWAP",
    "side":"buy",
    "size":"1.45",
    "price":"78.04",
    "source":"0",
    "tradeId":"1560185167",
    "timestamp":"1783592458920"
  },
  {
    "inst_id":"SOL-USDT-SWAP",
    "side":"buy",
    "size":"0.01",
    "price":"78.03",
    "source":"0",
    "tradeId":"1560185166",
    "timestamp":"1783592458595"
  },
  {
    "inst_id":"SOL-USDT-SWAP",
    "side":"sell",
    "size":"0.01",
    "price":"78.02",
    "source":"0",
    "tradeId":"1560185264",
    "timestamp":"1783592490947"
  },
  {
    "inst_id":"SOL-USDT-SWAP",
    "side":"buy",
    "size":"0.01",
    "price":"78.03",
    "source":"0",
    "tradeId":"1560185263",
    "timestamp":"1783592490570"
  },
  {
    "inst_id":"SOL-USDT-SWAP",
    "side":"sell",
    "size":"0.1",
    "price":"78.02",
    "source":"0",
    "tradeId":"1560185262",
    "timestamp":"1783592490225"
  },
  {
    "inst_id":"SOL-USDT-SWAP",
    "side":"sell",
    "size":"0.31",
    "price":"78.02",
    "source":"0",
    "tradeId":"1560185261",
    "timestamp":"1783592488052"
  },
  {
    "inst_id":"SOL-USDT-SWAP",
    "side":"sell",
    "size":"4.41",
    "price":"78.03",
    "source":"0",
    "tradeId":"1560185260",
    "timestamp":"1783592487826"
  },
  {
    "inst_id":"SOL-USDT-SWAP",
    "side":"sell",
    "size":"0.07",
    "price":"78.03",
    "source":"0",
    "tradeId":"1560185259",
    "timestamp":"1783592487826"
  },
  {
    "inst_id":"SOL-USDT-SWAP",
    "side":"sell",
    "size":"0.59",
    "price":"78.03",
    "source":"0",
    "tradeId":"1560185258",
    "timestamp":"1783592487068"
  },
  {
    "inst_id":"SOL-USDT-SWAP",
    "side":"sell",
    "size":"29.12",
    "price":"78.03",
    "source":"0",
    "tradeId":"1560185257",
    "timestamp":"1783592485890"
  },
  {
    "inst_id":"SOL-USDT-SWAP",
    "side":"sell",
    "size":"3.95",
    "price":"78.03",
    "source":"0",
    "tradeId":"1560185256",
    "timestamp":"1783592482824"
  },
  {
    "inst_id":"SOL-USDT-SWAP",
    "side":"buy",
    "size":"6.32",
    "price":"78.04",
    "source":"0",
    "tradeId":"1560185255",
    "timestamp":"1783592482398"
  },
  {
    "inst_id":"SOL-USDT-SWAP",
    "side":"buy",
    "size":"0.28",
    "price":"78.04",
    "source":"0",
    "tradeId":"1560185254",
    "timestamp":"1783592481273"
  },
  {
    "inst_id":"SOL-USDT-SWAP",
    "side":"sell",
    "size":"0.01",
    "price":"78.03",
    "source":"0",
    "tradeId":"1560185253",
    "timestamp":"1783592480773"
  },
  {
    "inst_id":"SOL-USDT-SWAP",
    "side":"buy",
    "size":"1.93",
    "price":"78.04",
    "source":"0",
    "tradeId":"1560185252",
    "timestamp":"1783592477662"
  },
  {
    "inst_id":"SOL-USDT-SWAP",
    "side":"buy",
    "size":"0.07",
    "price":"78.04",
    "source":"0",
    "tradeId":"1560185251",
    "timestamp":"1783592477662"
  },
  {
    "inst_id":"SOL-USDT-SWAP",
    "side":"sell",
    "size":"237.42",
    "price":"78.03",
    "source":"0",
    "tradeId":"1560185250",
    "timestamp":"1783592475496"
  },
  {
    "inst_id":"SOL-USDT-SWAP",
    "side":"sell",
    "size":"1",
    "price":"78.03",
    "source":"0",
    "tradeId":"1560185249",
    "timestamp":"1783592475496"
  },
  {
    "inst_id":"SOL-USDT-SWAP",
    "side":"sell",
    "size":"1",
    "price":"78.03",
    "source":"0",
    "tradeId":"1560185248",
    "timestamp":"1783592475496"
  },
  {
    "inst_id":"SOL-USDT-SWAP",
    "side":"sell",
    "size":"3.33",
    "price":"78.03",
    "source":"0",
    "tradeId":"1560185247",
    "timestamp":"1783592475496"
  },
  {
    "inst_id":"SOL-USDT-SWAP",
    "side":"sell",
    "size":"0.18",
    "price":"78.03",
    "source":"0",
    "tradeId":"1560185246",
    "timestamp":"1783592475496"
  },
  {
    "inst_id":"SOL-USDT-SWAP",
    "side":"sell",
    "size":"0.01",
    "price":"78.03",
    "source":"0",
    "tradeId":"1560185245",
    "timestamp":"1783592475496"
  },
  {
    "inst_id":"SOL-USDT-SWAP",
    "side":"sell",
    "size":"0.07",
    "price":"78.03",
    "source":"0",
    "tradeId":"1560185244",
    "timestamp":"1783592475496"
  },
  {
    "inst_id":"SOL-USDT-SWAP",
    "side":"sell",
    "size":"0.01",
    "price":"78.03",
    "source":"0",
    "tradeId":"1560185243",
    "timestamp":"1783592475496"
  },
  {
    "inst_id":"SOL-USDT-SWAP",
    "side":"sell",
    "size":"0.07",
    "price":"78.03",
    "source":"0",
    "tradeId":"1560185242",
    "timestamp":"1783592475496"
  },
  {
    "inst_id":"SOL-USDT-SWAP",
    "side":"sell",
    "size":"155.92",
    "price":"78.03",
    "source":"0",
    "tradeId":"1560185241",
    "timestamp":"1783592475496"
  },
  {
    "inst_id":"SOL-USDT-SWAP",
    "side":"sell",
    "size":"1.38",
    "price":"78.03",
    "source":"0",
    "tradeId":"1560185240",
    "timestamp":"1783592475031"
  },
  {
    "inst_id":"SOL-USDT-SWAP",
    "side":"sell",
    "size":"0.04",
    "price":"78.03",
    "source":"0",
    "tradeId":"1560185239",
    "timestamp":"1783592472881"
  },
  {
    "inst_id":"SOL-USDT-SWAP",
    "side":"sell",
    "size":"0.09",
    "price":"78.03",
    "source":"0",
    "tradeId":"1560185238",
    "timestamp":"1783592471053"
  },
  {
    "inst_id":"SOL-USDT-SWAP",
    "side":"buy",
    "size":"0.29",
    "price":"78.04",
    "source":"0",
    "tradeId":"1560185237",
    "timestamp":"1783592471023"
  },
  {
    "inst_id":"SOL-USDT-SWAP",
    "side":"sell",
    "size":"64.06",
    "price":"78.03",
    "source":"0",
    "tradeId":"1560185236",
    "timestamp":"1783592470817"
  },
  {
    "inst_id":"SOL-USDT-SWAP",
    "side":"sell",
    "size":"3.93",
    "price":"78.03",
    "source":"0",
    "tradeId":"1560185235",
    "timestamp":"1783592470770"
  },
  {
    "inst_id":"SOL-USDT-SWAP",
    "side":"sell",
    "size":"0.04",
    "price":"78.04",
    "source":"0",
    "tradeId":"1560185234",
    "timestamp":"1783592470770"
  },
  {
    "inst_id":"SOL-USDT-SWAP",
    "side":"sell",
    "size":"0.02",
    "price":"78.04",
    "source":"0",
    "tradeId":"1560185233",
    "timestamp":"1783592470770"
  },
  {
    "inst_id":"SOL-USDT-SWAP",
    "side":"sell",
    "size":"0.07",
    "price":"78.04",
    "source":"0",
    "tradeId":"1560185232",
    "timestamp":"1783592470770"
  },
  {
    "inst_id":"SOL-USDT-SWAP",
    "side":"sell",
    "size":"0.84",
    "price":"78.04",
    "source":"0",
    "tradeId":"1560185231",
    "timestamp":"1783592470728"
  },
  {
    "inst_id":"SOL-USDT-SWAP",
    "side":"sell",
    "size":"0.02",
    "price":"78.04",
    "source":"0",
    "tradeId":"1560185230",
    "timestamp":"1783592470726"
  },
  {
    "inst_id":"SOL-USDT-SWAP",
    "side":"sell",
    "size":"0.81",
    "price":"78.04",
    "source":"0",
    "tradeId":"1560185229",
    "timestamp":"1783592470726"
  },
  {
    "inst_id":"SOL-USDT-SWAP",
    "side":"sell",
    "size":"98.67",
    "price":"78.04",
    "source":"0",
    "tradeId":"1560185228",
    "timestamp":"1783592470720"
  },
  {
    "inst_id":"SOL-USDT-SWAP",
    "side":"sell",
    "size":"298.48",
    "price":"78.04",
    "source":"0",
    "tradeId":"1560185227",
    "timestamp":"1783592470720"
  },
  {
    "inst_id":"SOL-USDT-SWAP",
    "side":"sell",
    "size":"299.77",
    "price":"78.04",
    "source":"0",
    "tradeId":"1560185226",
    "timestamp":"1783592470720"
  },
  {
    "inst_id":"SOL-USDT-SWAP",
    "side":"sell",
    "size":"1",
    "price":"78.04",
    "source":"0",
    "tradeId":"1560185225",
    "timestamp":"1783592470720"
  },
  {
    "inst_id":"SOL-USDT-SWAP",
    "side":"sell",
    "size":"0.08",
    "price":"78.04",
    "source":"0",
    "tradeId":"1560185224",
    "timestamp":"1783592470720"
  },
  {
    "inst_id":"SOL-USDT-SWAP",
    "side":"sell",
    "size":"0.02",
    "price":"78.04",
    "source":"0",
    "tradeId":"1560185223",
    "timestamp":"1783592470720"
  },
  {
    "inst_id":"SOL-USDT-SWAP",
    "side":"sell",
    "size":"1",
    "price":"78.04",
    "source":"0",
    "tradeId":"1560185222",
    "timestamp":"1783592470720"
  },
  {
    "inst_id":"SOL-USDT-SWAP",
    "side":"sell",
    "size":"0.04",
    "price":"78.04",
    "source":"0",
    "tradeId":"1560185221",
    "timestamp":"1783592470720"
  },
  {
    "inst_id":"SOL-USDT-SWAP",
    "side":"sell",
    "size":"0.14",
    "price":"78.04",
    "source":"0",
    "tradeId":"1560185220",
    "timestamp":"1783592470720"
  },
  {
    "inst_id":"SOL-USDT-SWAP",
    "side":"sell",
    "size":"0.01",
    "price":"78.04",
    "source":"0",
    "tradeId":"1560185219",
    "timestamp":"1783592470720"
  },
  {
    "inst_id":"SOL-USDT-SWAP",
    "side":"sell",
    "size":"0.07",
    "price":"78.04",
    "source":"0",
    "tradeId":"1560185218",
    "timestamp":"1783592470720"
  },
  {
    "inst_id":"SOL-USDT-SWAP",
    "side":"sell",
    "size":"44.37",
    "price":"78.04",
    "source":"0",
    "tradeId":"1560185217",
    "timestamp":"1783592470720"
  },
  {
    "inst_id":"SOL-USDT-SWAP",
    "side":"sell",
    "size":"23.05",
    "price":"78.04",
    "source":"0",
    "tradeId":"1560185216",
    "timestamp":"1783592470373"
  },
  {
    "inst_id":"SOL-USDT-SWAP",
    "side":"buy",
    "size":"0.01",
    "price":"78.05",
    "source":"0",
    "tradeId":"1560185215",
    "timestamp":"1783592470241"
  },
  {
    "inst_id":"SOL-USDT-SWAP",
    "side":"buy",
    "size":"2.54",
    "price":"78.05",
    "source":"0",
    "tradeId":"1560185214",
    "timestamp":"1783592469472"
  },
  {
    "inst_id":"SOL-USDT-SWAP",
    "side":"buy",
    "size":"4.29",
    "price":"78.05",
    "source":"0",
    "tradeId":"1560185213",
    "timestamp":"1783592469372"
  },
  {
    "inst_id":"SOL-USDT-SWAP",
    "side":"sell",
    "size":"6.69",
    "price":"78.04",
    "source":"0",
    "tradeId":"1560185212",
    "timestamp":"1783592469204"
  },
  {
    "inst_id":"SOL-USDT-SWAP",
    "side":"buy",
    "size":"169.63",
    "price":"78.05",
    "source":"0",
    "tradeId":"1560185211",
    "timestamp":"1783592468497"
  },
  {
    "inst_id":"SOL-USDT-SWAP",
    "side":"buy",
    "size":"103.76",
    "price":"78.05",
    "source":"0",
    "tradeId":"1560185210",
    "timestamp":"1783592468497"
  },
  {
    "inst_id":"SOL-USDT-SWAP",
    "side":"sell",
    "size":"0.08",
    "price":"78.04",
    "source":"0",
    "tradeId":"1560185209",
    "timestamp":"1783592467714"
  },
  {
    "inst_id":"SOL-USDT-SWAP",
    "side":"sell",
    "size":"10.24",
    "price":"78.04",
    "source":"0",
    "tradeId":"1560185208",
    "timestamp":"1783592465762"
  },
  {
    "inst_id":"SOL-USDT-SWAP",
    "side":"sell",
    "size":"43.05",
    "price":"78.04",
    "source":"0",
    "tradeId":"1560185207",
    "timestamp":"1783592465203"
  },
  {
    "inst_id":"SOL-USDT-SWAP",
    "side":"sell",
    "size":"14.93",
    "price":"78.04",
    "source":"0",
    "tradeId":"1560185206",
    "timestamp":"1783592465203"
  },
  {
    "inst_id":"SOL-USDT-SWAP",
    "side":"sell",
    "size":"58.23",
    "price":"78.04",
    "source":"0",
    "tradeId":"1560185205",
    "timestamp":"1783592465203"
  },
  {
    "inst_id":"SOL-USDT-SWAP",
    "side":"sell",
    "size":"1.23",
    "price":"78.04",
    "source":"0",
    "tradeId":"1560185204",
    "timestamp":"1783592465203"
  },
  {
    "inst_id":"SOL-USDT-SWAP",
    "side":"sell",
    "size":"174.52",
    "price":"78.04",
    "source":"0",
    "tradeId":"1560185203",
    "timestamp":"1783592465203"
  },
  {
    "inst_id":"SOL-USDT-SWAP",
    "side":"sell",
    "size":"175.93",
    "price":"78.04",
    "source":"0",
    "tradeId":"1560185202",
    "timestamp":"1783592465203"
  },
  {
    "inst_id":"SOL-USDT-SWAP",
    "side":"sell",
    "size":"36.36",
    "price":"78.04",
    "source":"0",
    "tradeId":"1560185201",
    "timestamp":"1783592465203"
  },
  {
    "inst_id":"SOL-USDT-SWAP",
    "side":"sell",
    "size":"157.45",
    "price":"78.04",
    "source":"0",
    "tradeId":"1560185200",
    "timestamp":"1783592465203"
  },
  {
    "inst_id":"SOL-USDT-SWAP",
    "side":"sell",
    "size":"89.7",
    "price":"78.04",
    "source":"0",
    "tradeId":"1560185199",
    "timestamp":"1783592465203"
  },
  {
    "inst_id":"SOL-USDT-SWAP",
    "side":"sell",
    "size":"4.09",
    "price":"78.04",
    "source":"0",
    "tradeId":"1560185198",
    "timestamp":"1783592465203"
  },
  {
    "inst_id":"SOL-USDT-SWAP",
    "side":"sell",
    "size":"0.15",
    "price":"78.04",
    "source":"0",
    "tradeId":"1560185197",
    "timestamp":"1783592461795"
  },
  {
    "inst_id":"SOL-USDT-SWAP",
    "side":"buy",
    "size":"0.18",
    "price":"78.05",
    "source":"0",
    "tradeId":"1560185196",
    "timestamp":"1783592461509"
  },
  {
    "inst_id":"SOL-USDT-SWAP",
    "side":"sell",
    "size":"10.24",
    "price":"78.04",
    "source":"0",
    "tradeId":"1560185195",
    "timestamp":"1783592461198"
  },
  {
    "inst_id":"SOL-USDT-SWAP",
    "side":"buy",
    "size":"0.02",
    "price":"78.04",
    "source":"0",
    "tradeId":"1560185194",
    "timestamp":"1783592460514"
  },
  {
    "inst_id":"SOL-USDT-SWAP",
    "side":"buy",
    "size":"4",
    "price":"78.04",
    "source":"0",
    "tradeId":"1560185193",
    "timestamp":"1783592460514"
  },
  {
    "inst_id":"SOL-USDT-SWAP",
    "side":"buy",
    "size":"0.09",
    "price":"78.04",
    "source":"0",
    "tradeId":"1560185192",
    "timestamp":"1783592460514"
  },
  {
    "inst_id":"SOL-USDT-SWAP",
    "side":"buy",
    "size":"0.08",
    "price":"78.04",
    "source":"0",
    "tradeId":"1560185191",
    "timestamp":"1783592460514"
  },
  {
    "inst_id":"SOL-USDT-SWAP",
    "side":"buy",
    "size":"37.5",
    "price":"78.04",
    "source":"0",
    "tradeId":"1560185190",
    "timestamp":"1783592460514"
  },
  {
    "inst_id":"SOL-USDT-SWAP",
    "side":"buy",
    "size":"0.07",
    "price":"78.04",
    "source":"0",
    "tradeId":"1560185189",
    "timestamp":"1783592460514"
  },
  {
    "inst_id":"SOL-USDT-SWAP",
    "side":"buy",
    "size":"1.95",
    "price":"78.04",
    "source":"0",
    "tradeId":"1560185188",
    "timestamp":"1783592459763"
  },
  {
    "inst_id":"SOL-USDT-SWAP",
    "side":"sell",
    "size":"0.74",
    "price":"78.03",
    "source":"0",
    "tradeId":"1560185187",
    "timestamp":"1783592459501"
  },
  {
    "inst_id":"SOL-USDT-SWAP",
    "side":"sell",
    "size":"3.71",
    "price":"78.03",
    "source":"0",
    "tradeId":"1560185186",
    "timestamp":"1783592459501"
  },
  {
    "inst_id":"SOL-USDT-SWAP",
    "side":"sell",
    "size":"1.89",
    "price":"78.03",
    "source":"0",
    "tradeId":"1560185185",
    "timestamp":"1783592459501"
  },
  {
    "inst_id":"SOL-USDT-SWAP",
    "side":"sell",
    "size":"0.19",
    "price":"78.03",
    "source":"0",
    "tradeId":"1560185184",
    "timestamp":"1783592459457"
  },
  {
    "inst_id":"SOL-USDT-SWAP",
    "side":"sell",
    "size":"14.48",
    "price":"78.03",
    "source":"0",
    "tradeId":"1560185183",
    "timestamp":"1783592459457"
  },
  {
    "inst_id":"SOL-USDT-SWAP",
    "side":"sell",
    "size":"7.24",
    "price":"78.03",
    "source":"0",
    "tradeId":"1560185182",
    "timestamp":"1783592459457"
  },
  {
    "inst_id":"SOL-USDT-SWAP",
    "side":"sell",
    "size":"3.71",
    "price":"78.03",
    "source":"0",
    "tradeId":"1560185181",
    "timestamp":"1783592459457"
  },
  {
    "inst_id":"SOL-USDT-SWAP",
    "side":"buy",
    "size":"14.24",
    "price":"78.04",
    "source":"0",
    "tradeId":"1560185180",
    "timestamp":"1783592459272"
  },
  {
    "inst_id":"SOL-USDT-SWAP",
    "side":"buy",
    "size":"0.02",
    "price":"78.04",
    "source":"0",
    "tradeId":"1560185179",
    "timestamp":"1783592459272"
  },
  {
    "inst_id":"SOL-USDT-SWAP",
    "side":"buy",
    "size":"27.79",
    "price":"78.04",
    "source":"0",
    "tradeId":"1560185178",
    "timestamp":"1783592459272"
  },
  {
    "inst_id":"SOL-USDT-SWAP",
    "side":"buy",
    "size":"0.08",
    "price":"78.04",
    "source":"0",
    "tradeId":"1560185177",
    "timestamp":"1783592459272"
  },
  {
    "inst_id":"SOL-USDT-SWAP",
    "side":"buy",
    "size":"1.47",
    "price":"78.04",
    "source":"0",
    "tradeId":"1560185176",
    "timestamp":"1783592459272"
  },
  {
    "inst_id":"SOL-USDT-SWAP",
    "side":"buy",
    "size":"96.19",
    "price":"78.04",
    "source":"0",
    "tradeId":"1560185175",
    "timestamp":"1783592459272"
  },
  {
    "inst_id":"SOL-USDT-SWAP",
    "side":"buy",
    "size":"0.02",
    "price":"78.04",
    "source":"0",
    "tradeId":"1560185174",
    "timestamp":"1783592459272"
  },
  {
    "inst_id":"SOL-USDT-SWAP",
    "side":"buy",
    "size":"0.01",
    "price":"78.04",
    "source":"0",
    "tradeId":"1560185173",
    "timestamp":"1783592459272"
  },
  {
    "inst_id":"SOL-USDT-SWAP",
    "side":"buy",
    "size":"74.11",
    "price":"78.04",
    "source":"0",
    "tradeId":"1560185172",
    "timestamp":"1783592459272"
  },
  {
    "inst_id":"SOL-USDT-SWAP",
    "side":"buy",
    "size":"2",
    "price":"78.04",
    "source":"0",
    "tradeId":"1560185171",
    "timestamp":"1783592459272"
  },
  {
    "inst_id":"SOL-USDT-SWAP",
    "side":"buy",
    "size":"2",
    "price":"78.04",
    "source":"0",
    "tradeId":"1560185170",
    "timestamp":"1783592459272"
  },
  {
    "inst_id":"SOL-USDT-SWAP",
    "side":"buy",
    "size":"0.07",
    "price":"78.04",
    "source":"0",
    "tradeId":"1560185169",
    "timestamp":"1783592459272"
  },
  {
    "inst_id":"SOL-USDT-SWAP",
    "side":"buy",
    "size":"65.39",
    "price":"78.04",
    "source":"0",
    "tradeId":"1560185168",
    "timestamp":"1783592459272"
  },
  {
    "inst_id":"SOL-USDT-SWAP",
    "side":"buy",
    "size":"1.45",
    "price":"78.04",
    "source":"0",
    "tradeId":"1560185167",
    "timestamp":"1783592458920"
  },
  {
    "inst_id":"SOL-USDT-SWAP",
    "side":"buy",
    "size":"0.01",
    "price":"78.03",
    "source":"0",
    "tradeId":"1560185166",
    "timestamp":"1783592458595"
  },
  {
    "inst_id":"SOL-USDT-SWAP",
    "side":"buy",
    "size":"0.02",
    "price":"78.03",
    "source":"0",
    "tradeId":"1560185165",
    "timestamp":"1783592458595"
  },
  {
    "inst_id":"SOL-USDT-SWAP",
    "side":"buy",
    "size":"2",
    "price":"78.03",
    "source":"0",
    "tradeId":"1560185266",
    "timestamp":"1783592492704"
  },
  {
    "inst_id":"SOL-USDT-SWAP",
    "side":"buy",
    "size":"0.14",
    "price":"78.03",
    "source":"0",
    "tradeId":"1560185265",
    "timestamp":"1783592491508"
  },
  {
    "inst_id":"SOL-USDT-SWAP",
    "side":"sell",
    "size":"0.01",
    "price":"78.02",
    "source":"0",
    "tradeId":"1560185264",
    "timestamp":"1783592490947"
  },
  {
    "inst_id":"SOL-USDT-SWAP",
    "side":"buy",
    "size":"0.01",
    "price":"78.03",
    "source":"0",
    "tradeId":"1560185263",
    "timestamp":"1783592490570"
  },
  {
    "inst_id":"SOL-USDT-SWAP",
    "side":"sell",
    "size":"0.1",
    "price":"78.02",
    "source":"0",
    "tradeId":"1560185262",
    "timestamp":"1783592490225"
  },
  {
    "inst_id":"SOL-USDT-SWAP",
    "side":"sell",
    "size":"0.31",
    "price":"78.02",
    "source":"0",
    "tradeId":"1560185261",
    "timestamp":"1783592488052"
  },
  {
    "inst_id":"SOL-USDT-SWAP",
    "side":"sell",
    "size":"4.41",
    "price":"78.03",
    "source":"0",
    "tradeId":"1560185260",
    "timestamp":"1783592487826"
  },
  {
    "inst_id":"SOL-USDT-SWAP",
    "side":"sell",
    "size":"0.07",
    "price":"78.03",
    "source":"0",
    "tradeId":"1560185259",
    "timestamp":"1783592487826"
  },
  {
    "inst_id":"SOL-USDT-SWAP",
    "side":"sell",
    "size":"0.59",
    "price":"78.03",
    "source":"0",
    "tradeId":"1560185258",
    "timestamp":"1783592487068"
  },
  {
    "inst_id":"SOL-USDT-SWAP",
    "side":"sell",
    "size":"29.12",
    "price":"78.03",
    "source":"0",
    "tradeId":"1560185257",
    "timestamp":"1783592485890"
  },
  {
    "inst_id":"SOL-USDT-SWAP",
    "side":"sell",
    "size":"3.95",
    "price":"78.03",
    "source":"0",
    "tradeId":"1560185256",
    "timestamp":"1783592482824"
  },
  {
    "inst_id":"SOL-USDT-SWAP",
    "side":"buy",
    "size":"6.32",
    "price":"78.04",
    "source":"0",
    "tradeId":"1560185255",
    "timestamp":"1783592482398"
  },
  {
    "inst_id":"SOL-USDT-SWAP",
    "side":"buy",
    "size":"0.28",
    "price":"78.04",
    "source":"0",
    "tradeId":"1560185254",
    "timestamp":"1783592481273"
  },
  {
    "inst_id":"SOL-USDT-SWAP",
    "side":"sell",
    "size":"0.01",
    "price":"78.03",
    "source":"0",
    "tradeId":"1560185253",
    "timestamp":"1783592480773"
  },
  {
    "inst_id":"SOL-USDT-SWAP",
    "side":"buy",
    "size":"1.93",
    "price":"78.04",
    "source":"0",
    "tradeId":"1560185252",
    "timestamp":"1783592477662"
  },
  {
    "inst_id":"SOL-USDT-SWAP",
    "side":"buy",
    "size":"0.07",
    "price":"78.04",
    "source":"0",
    "tradeId":"1560185251",
    "timestamp":"1783592477662"
  },
  {
    "inst_id":"SOL-USDT-SWAP",
    "side":"sell",
    "size":"237.42",
    "price":"78.03",
    "source":"0",
    "tradeId":"1560185250",
    "timestamp":"1783592475496"
  },
  {
    "inst_id":"SOL-USDT-SWAP",
    "side":"sell",
    "size":"1",
    "price":"78.03",
    "source":"0",
    "tradeId":"1560185249",
    "timestamp":"1783592475496"
  },
  {
    "inst_id":"SOL-USDT-SWAP",
    "side":"sell",
    "size":"1",
    "price":"78.03",
    "source":"0",
    "tradeId":"1560185248",
    "timestamp":"1783592475496"
  },
  {
    "inst_id":"SOL-USDT-SWAP",
    "side":"sell",
    "size":"3.33",
    "price":"78.03",
    "source":"0",
    "tradeId":"1560185247",
    "timestamp":"1783592475496"
  },
  {
    "inst_id":"SOL-USDT-SWAP",
    "side":"sell",
    "size":"0.18",
    "price":"78.03",
    "source":"0",
    "tradeId":"1560185246",
    "timestamp":"1783592475496"
  },
  {
    "inst_id":"SOL-USDT-SWAP",
    "side":"sell",
    "size":"0.01",
    "price":"78.03",
    "source":"0",
    "tradeId":"1560185245",
    "timestamp":"1783592475496"
  },
  {
    "inst_id":"SOL-USDT-SWAP",
    "side":"sell",
    "size":"0.07",
    "price":"78.03",
    "source":"0",
    "tradeId":"1560185244",
    "timestamp":"1783592475496"
  },
  {
    "inst_id":"SOL-USDT-SWAP",
    "side":"sell",
    "size":"0.01",
    "price":"78.03",
    "source":"0",
    "tradeId":"1560185243",
    "timestamp":"1783592475496"
  },
  {
    "inst_id":"SOL-USDT-SWAP",
    "side":"sell",
    "size":"0.07",
    "price":"78.03",
    "source":"0",
    "tradeId":"1560185242",
    "timestamp":"1783592475496"
  },
  {
    "inst_id":"SOL-USDT-SWAP",
    "side":"sell",
    "size":"155.92",
    "price":"78.03",
    "source":"0",
    "tradeId":"1560185241",
    "timestamp":"1783592475496"
  },
  {
    "inst_id":"SOL-USDT-SWAP",
    "side":"sell",
    "size":"1.38",
    "price":"78.03",
    "source":"0",
    "tradeId":"1560185240",
    "timestamp":"1783592475031"
  },
  {
    "inst_id":"SOL-USDT-SWAP",
    "side":"sell",
    "size":"0.04",
    "price":"78.03",
    "source":"0",
    "tradeId":"1560185239",
    "timestamp":"1783592472881"
  },
  {
    "inst_id":"SOL-USDT-SWAP",
    "side":"sell",
    "size":"0.09",
    "price":"78.03",
    "source":"0",
    "tradeId":"1560185238",
    "timestamp":"1783592471053"
  },
  {
    "inst_id":"SOL-USDT-SWAP",
    "side":"buy",
    "size":"0.29",
    "price":"78.04",
    "source":"0",
    "tradeId":"1560185237",
    "timestamp":"1783592471023"
  },
  {
    "inst_id":"SOL-USDT-SWAP",
    "side":"sell",
    "size":"64.06",
    "price":"78.03",
    "source":"0",
    "tradeId":"1560185236",
    "timestamp":"1783592470817"
  },
  {
    "inst_id":"SOL-USDT-SWAP",
    "side":"sell",
    "size":"3.93",
    "price":"78.03",
    "source":"0",
    "tradeId":"1560185235",
    "timestamp":"1783592470770"
  },
  {
    "inst_id":"SOL-USDT-SWAP",
    "side":"sell",
    "size":"0.04",
    "price":"78.04",
    "source":"0",
    "tradeId":"1560185234",
    "timestamp":"1783592470770"
  },
  {
    "inst_id":"SOL-USDT-SWAP",
    "side":"sell",
    "size":"0.02",
    "price":"78.04",
    "source":"0",
    "tradeId":"1560185233",
    "timestamp":"1783592470770"
  },
  {
    "inst_id":"SOL-USDT-SWAP",
    "side":"sell",
    "size":"0.07",
    "price":"78.04",
    "source":"0",
    "tradeId":"1560185232",
    "timestamp":"1783592470770"
  },
  {
    "inst_id":"SOL-USDT-SWAP",
    "side":"sell",
    "size":"0.84",
    "price":"78.04",
    "source":"0",
    "tradeId":"1560185231",
    "timestamp":"1783592470728"
  },
  {
    "inst_id":"SOL-USDT-SWAP",
    "side":"sell",
    "size":"0.02",
    "price":"78.04",
    "source":"0",
    "tradeId":"1560185230",
    "timestamp":"1783592470726"
  },
  {
    "inst_id":"SOL-USDT-SWAP",
    "side":"sell",
    "size":"0.81",
    "price":"78.04",
    "source":"0",
    "tradeId":"1560185229",
    "timestamp":"1783592470726"
  },
  {
    "inst_id":"SOL-USDT-SWAP",
    "side":"sell",
    "size":"98.67",
    "price":"78.04",
    "source":"0",
    "tradeId":"1560185228",
    "timestamp":"1783592470720"
  },
  {
    "inst_id":"SOL-USDT-SWAP",
    "side":"sell",
    "size":"298.48",
    "price":"78.04",
    "source":"0",
    "tradeId":"1560185227",
    "timestamp":"1783592470720"
  },
  {
    "inst_id":"SOL-USDT-SWAP",
    "side":"sell",
    "size":"299.77",
    "price":"78.04",
    "source":"0",
    "tradeId":"1560185226",
    "timestamp":"1783592470720"
  },
  {
    "inst_id":"SOL-USDT-SWAP",
    "side":"sell",
    "size":"1",
    "price":"78.04",
    "source":"0",
    "tradeId":"1560185225",
    "timestamp":"1783592470720"
  },
  {
    "inst_id":"SOL-USDT-SWAP",
    "side":"sell",
    "size":"0.08",
    "price":"78.04",
    "source":"0",
    "tradeId":"1560185224",
    "timestamp":"1783592470720"
  },
  {
    "inst_id":"SOL-USDT-SWAP",
    "side":"sell",
    "size":"0.02",
    "price":"78.04",
    "source":"0",
    "tradeId":"1560185223",
    "timestamp":"1783592470720"
  },
  {
    "inst_id":"SOL-USDT-SWAP",
    "side":"sell",
    "size":"1",
    "price":"78.04",
    "source":"0",
    "tradeId":"1560185222",
    "timestamp":"1783592470720"
  },
  {
    "inst_id":"SOL-USDT-SWAP",
    "side":"sell",
    "size":"0.04",
    "price":"78.04",
    "source":"0",
    "tradeId":"1560185221",
    "timestamp":"1783592470720"
  },
  {
    "inst_id":"SOL-USDT-SWAP",
    "side":"sell",
    "size":"0.14",
    "price":"78.04",
    "source":"0",
    "tradeId":"1560185220",
    "timestamp":"1783592470720"
  },
  {
    "inst_id":"SOL-USDT-SWAP",
    "side":"sell",
    "size":"0.01",
    "price":"78.04",
    "source":"0",
    "tradeId":"1560185219",
    "timestamp":"1783592470720"
  },
  {
    "inst_id":"SOL-USDT-SWAP",
    "side":"sell",
    "size":"0.07",
    "price":"78.04",
    "source":"0",
    "tradeId":"1560185218",
    "timestamp":"1783592470720"
  },
  {
    "inst_id":"SOL-USDT-SWAP",
    "side":"sell",
    "size":"44.37",
    "price":"78.04",
    "source":"0",
    "tradeId":"1560185217",
    "timestamp":"1783592470720"
  },
  {
    "inst_id":"SOL-USDT-SWAP",
    "side":"sell",
    "size":"23.05",
    "price":"78.04",
    "source":"0",
    "tradeId":"1560185216",
    "timestamp":"1783592470373"
  },
  {
    "inst_id":"SOL-USDT-SWAP",
    "side":"buy",
    "size":"0.01",
    "price":"78.05",
    "source":"0",
    "tradeId":"1560185215",
    "timestamp":"1783592470241"
  },
  {
    "inst_id":"SOL-USDT-SWAP",
    "side":"buy",
    "size":"2.54",
    "price":"78.05",
    "source":"0",
    "tradeId":"1560185214",
    "timestamp":"1783592469472"
  },
  {
    "inst_id":"SOL-USDT-SWAP",
    "side":"buy",
    "size":"4.29",
    "price":"78.05",
    "source":"0",
    "tradeId":"1560185213",
    "timestamp":"1783592469372"
  },
  {
    "inst_id":"SOL-USDT-SWAP",
    "side":"sell",
    "size":"6.69",
    "price":"78.04",
    "source":"0",
    "tradeId":"1560185212",
    "timestamp":"1783592469204"
  },
  {
    "inst_id":"SOL-USDT-SWAP",
    "side":"buy",
    "size":"169.63",
    "price":"78.05",
    "source":"0",
    "tradeId":"1560185211",
    "timestamp":"1783592468497"
  },
  {
    "inst_id":"SOL-USDT-SWAP",
    "side":"buy",
    "size":"103.76",
    "price":"78.05",
    "source":"0",
    "tradeId":"1560185210",
    "timestamp":"1783592468497"
  },
  {
    "inst_id":"SOL-USDT-SWAP",
    "side":"sell",
    "size":"0.08",
    "price":"78.04",
    "source":"0",
    "tradeId":"1560185209",
    "timestamp":"1783592467714"
  },
  {
    "inst_id":"SOL-USDT-SWAP",
    "side":"sell",
    "size":"10.24",
    "price":"78.04",
    "source":"0",
    "tradeId":"1560185208",
    "timestamp":"1783592465762"
  },
  {
    "inst_id":"SOL-USDT-SWAP",
    "side":"sell",
    "size":"43.05",
    "price":"78.04",
    "source":"0",
    "tradeId":"1560185207",
    "timestamp":"1783592465203"
  },
  {
    "inst_id":"SOL-USDT-SWAP",
    "side":"sell",
    "size":"14.93",
    "price":"78.04",
    "source":"0",
    "tradeId":"1560185206",
    "timestamp":"1783592465203"
  },
  {
    "inst_id":"SOL-USDT-SWAP",
    "side":"sell",
    "size":"58.23",
    "price":"78.04",
    "source":"0",
    "tradeId":"1560185205",
    "timestamp":"1783592465203"
  },
  {
    "inst_id":"SOL-USDT-SWAP",
    "side":"sell",
    "size":"1.23",
    "price":"78.04",
    "source":"0",
    "tradeId":"1560185204",
    "timestamp":"1783592465203"
  },
  {
    "inst_id":"SOL-USDT-SWAP",
    "side":"sell",
    "size":"174.52",
    "price":"78.04",
    "source":"0",
    "tradeId":"1560185203",
    "timestamp":"1783592465203"
  },
  {
    "inst_id":"SOL-USDT-SWAP",
    "side":"sell",
    "size":"175.93",
    "price":"78.04",
    "source":"0",
    "tradeId":"1560185202",
    "timestamp":"1783592465203"
  },
  {
    "inst_id":"SOL-USDT-SWAP",
    "side":"sell",
    "size":"36.36",
    "price":"78.04",
    "source":"0",
    "tradeId":"1560185201",
    "timestamp":"1783592465203"
  },
  {
    "inst_id":"SOL-USDT-SWAP",
    "side":"sell",
    "size":"157.45",
    "price":"78.04",
    "source":"0",
    "tradeId":"1560185200",
    "timestamp":"1783592465203"
  },
  {
    "inst_id":"SOL-USDT-SWAP",
    "side":"sell",
    "size":"89.7",
    "price":"78.04",
    "source":"0",
    "tradeId":"1560185199",
    "timestamp":"1783592465203"
  },
  {
    "inst_id":"SOL-USDT-SWAP",
    "side":"sell",
    "size":"4.09",
    "price":"78.04",
    "source":"0",
    "tradeId":"1560185198",
    "timestamp":"1783592465203"
  },
  {
    "inst_id":"SOL-USDT-SWAP",
    "side":"sell",
    "size":"0.15",
    "price":"78.04",
    "source":"0",
    "tradeId":"1560185197",
    "timestamp":"1783592461795"
  },
  {
    "inst_id":"SOL-USDT-SWAP",
    "side":"buy",
    "size":"0.18",
    "price":"78.05",
    "source":"0",
    "tradeId":"1560185196",
    "timestamp":"1783592461509"
  },
  {
    "inst_id":"SOL-USDT-SWAP",
    "side":"sell",
    "size":"10.24",
    "price":"78.04",
    "source":"0",
    "tradeId":"1560185195",
    "timestamp":"1783592461198"
  },
  {
    "inst_id":"SOL-USDT-SWAP",
    "side":"buy",
    "size":"0.02",
    "price":"78.04",
    "source":"0",
    "tradeId":"1560185194",
    "timestamp":"1783592460514"
  },
  {
    "inst_id":"SOL-USDT-SWAP",
    "side":"buy",
    "size":"4",
    "price":"78.04",
    "source":"0",
    "tradeId":"1560185193",
    "timestamp":"1783592460514"
  },
  {
    "inst_id":"SOL-USDT-SWAP",
    "side":"buy",
    "size":"0.09",
    "price":"78.04",
    "source":"0",
    "tradeId":"1560185192",
    "timestamp":"1783592460514"
  },
  {
    "inst_id":"SOL-USDT-SWAP",
    "side":"buy",
    "size":"0.08",
    "price":"78.04",
    "source":"0",
    "tradeId":"1560185191",
    "timestamp":"1783592460514"
  },
  {
    "inst_id":"SOL-USDT-SWAP",
    "side":"buy",
    "size":"37.5",
    "price":"78.04",
    "source":"0",
    "tradeId":"1560185190",
    "timestamp":"1783592460514"
  },
  {
    "inst_id":"SOL-USDT-SWAP",
    "side":"buy",
    "size":"0.07",
    "price":"78.04",
    "source":"0",
    "tradeId":"1560185189",
    "timestamp":"1783592460514"
  },
  {
    "inst_id":"SOL-USDT-SWAP",
    "side":"buy",
    "size":"1.95",
    "price":"78.04",
    "source":"0",
    "tradeId":"1560185188",
    "timestamp":"1783592459763"
  },
  {
    "inst_id":"SOL-USDT-SWAP",
    "side":"sell",
    "size":"0.74",
    "price":"78.03",
    "source":"0",
    "tradeId":"1560185187",
    "timestamp":"1783592459501"
  },
  {
    "inst_id":"SOL-USDT-SWAP",
    "side":"sell",
    "size":"3.71",
    "price":"78.03",
    "source":"0",
    "tradeId":"1560185186",
    "timestamp":"1783592459501"
  },
  {
    "inst_id":"SOL-USDT-SWAP",
    "side":"sell",
    "size":"1.89",
    "price":"78.03",
    "source":"0",
    "tradeId":"1560185185",
    "timestamp":"1783592459501"
  },
  {
    "inst_id":"SOL-USDT-SWAP",
    "side":"sell",
    "size":"0.19",
    "price":"78.03",
    "source":"0",
    "tradeId":"1560185184",
    "timestamp":"1783592459457"
  },
  {
    "inst_id":"SOL-USDT-SWAP",
    "side":"sell",
    "size":"14.48",
    "price":"78.03",
    "source":"0",
    "tradeId":"1560185183",
    "timestamp":"1783592459457"
  },
  {
    "inst_id":"SOL-USDT-SWAP",
    "side":"sell",
    "size":"7.24",
    "price":"78.03",
    "source":"0",
    "tradeId":"1560185182",
    "timestamp":"1783592459457"
  },
  {
    "inst_id":"SOL-USDT-SWAP",
    "side":"sell",
    "size":"3.71",
    "price":"78.03",
    "source":"0",
    "tradeId":"1560185181",
    "timestamp":"1783592459457"
  },
  {
    "inst_id":"SOL-USDT-SWAP",
    "side":"buy",
    "size":"14.24",
    "price":"78.04",
    "source":"0",
    "tradeId":"1560185180",
    "timestamp":"1783592459272"
  },
  {
    "inst_id":"SOL-USDT-SWAP",
    "side":"buy",
    "size":"0.02",
    "price":"78.04",
    "source":"0",
    "tradeId":"1560185179",
    "timestamp":"1783592459272"
  },
  {
    "inst_id":"SOL-USDT-SWAP",
    "side":"buy",
    "size":"27.79",
    "price":"78.04",
    "source":"0",
    "tradeId":"1560185178",
    "timestamp":"1783592459272"
  },
  {
    "inst_id":"SOL-USDT-SWAP",
    "side":"buy",
    "size":"0.08",
    "price":"78.04",
    "source":"0",
    "tradeId":"1560185177",
    "timestamp":"1783592459272"
  },
  {
    "inst_id":"SOL-USDT-SWAP",
    "side":"buy",
    "size":"1.47",
    "price":"78.04",
    "source":"0",
    "tradeId":"1560185176",
    "timestamp":"1783592459272"
  },
  {
    "inst_id":"SOL-USDT-SWAP",
    "side":"buy",
    "size":"96.19",
    "price":"78.04",
    "source":"0",
    "tradeId":"1560185175",
    "timestamp":"1783592459272"
  },
  {
    "inst_id":"SOL-USDT-SWAP",
    "side":"buy",
    "size":"0.02",
    "price":"78.04",
    "source":"0",
    "tradeId":"1560185174",
    "timestamp":"1783592459272"
  },
  {
    "inst_id":"SOL-USDT-SWAP",
    "side":"buy",
    "size":"0.01",
    "price":"78.04",
    "source":"0",
    "tradeId":"1560185173",
    "timestamp":"1783592459272"
  },
  {
    "inst_id":"SOL-USDT-SWAP",
    "side":"buy",
    "size":"74.11",
    "price":"78.04",
    "source":"0",
    "tradeId":"1560185172",
    "timestamp":"1783592459272"
  },
  {
    "inst_id":"SOL-USDT-SWAP",
    "side":"buy",
    "size":"2",
    "price":"78.04",
    "source":"0",
    "tradeId":"1560185171",
    "timestamp":"1783592459272"
  },
  {
    "inst_id":"SOL-USDT-SWAP",
    "side":"buy",
    "size":"2",
    "price":"78.04",
    "source":"0",
    "tradeId":"1560185170",
    "timestamp":"1783592459272"
  },
  {
    "inst_id":"SOL-USDT-SWAP",
    "side":"buy",
    "size":"0.07",
    "price":"78.04",
    "source":"0",
    "tradeId":"1560185169",
    "timestamp":"1783592459272"
  },
  {
    "inst_id":"SOL-USDT-SWAP",
    "side":"buy",
    "size":"65.39",
    "price":"78.04",
    "source":"0",
    "tradeId":"1560185168",
    "timestamp":"1783592459272"
  },
  {
    "inst_id":"SOL-USDT-SWAP",
    "side":"buy",
    "size":"1.45",
    "price":"78.04",
    "source":"0",
    "tradeId":"1560185167",
    "timestamp":"1783592458920"
  }
]